3150 5300
818 532 867 607 2⁸2

344 736 392 799 Ex
420 737 499 798 Gen.
526 735 562 797 (1.
583 734 610 796 11
631 740 665 796 et
685 735 724 796 lll
745 737 943 818 intelligitur,
980 754 1034 798 cur
1056 734 1146 797 Num.
1176 731 1231 810 16,
1262 730 1313 796 29.
1344 751 1429 793 mors

261 840 467 901 communis
495 839 655 899 omnium
677 839 866 899 hominum
887 836 1063 921 poena44)
1090 838 1173 899 dicta
1194 839 1244 898 sit.
1293 836 1353 897 Alii
1376 856 1428 895 au-

258 944 325 1002 tem
345 942 415 1016 loci,
438 941 546 1019 quibus
567 942 731 1021 perspicue
746 942 928 1017 declaretur,
951 948 1111 1022 peccatum
1126 940 1324 1020 principalem
1347 958 1428 997 mor-

259 1043 301 1104 tis
322 1062 443 1103 causam
465 1043 638 1119 exstitisse,
660 1044 772 1105 desunt
792 1045 824 1104 in
846 1044 917 1107 Vet.
941 1045 1152 1105 Testamento.
1195 1042 1283 1117 Nam,
1305 1048 1340 1101 ut
1362 1060 1429 1116 eos,

261 1163 337 1224 quos
364 1145 500 1206 nonnulli
527 1146 653 1226 insuper
673 1148 734 1208 huc
757 1153 930 1223 traxerunt,
957 1147 1063 1227 paucis
1085 1148 1241 1225 ottingam,
1262 1144 1353 1204 Num.
1375 1141 1430 1219 27,

259 1242 291 1306 3.
318 1248 545 1324 tantummodo,
578 1250 605 1309 si
631 1249 726 1309 verba
751 1262 811 1326 1722
841 1260 970 1325 mmm
1001 1261 1036 1323 ’2
1070 1268 1232 1328 perperam
1259 1247 1430 1327 explicave-

260 1344 374 1427 ris⁴⁶),
396 1350 457 1411 huc
478 1351 591 1411 referri
611 1356 730 1430 potest3
757 1370 796 1411 ex
816 1349 868 1411 Ps.
890 1347 942 1426 90,
965 1349 995 1411 7.
1018 1357 1130 1426 autem,
1153 1352 1179 1410 si
1200 1351 1294 1410 verba
1315 1368 1429 1429 urgere

259 1451 346 1526 velis,
368 1470 427 1511 non
449 1452 482 1512 id
504 1454 649 1529 efficitur,
671 1459 803 1513 mortem
825 1454 946 1514 omnino
968 1454 1089 1533 peccati
1110 1472 1241 1533 poenam
1263 1471 1348 1527 esse,
1371 1452 1430 1511 sed

259 1552 292 1613 id
306 1559 441 1630 tantum,
464 1556 631 1617 celerem
654 1557 781 1636 fugam
804 1576 839 1617 ac
860 1557 1093 1618 brevitatem
1114 1556 1195 1615 vitae
1216 1556 1366 1615 humanae
1390 1556 1428 1615 ab

259 1655 307 1716 ira
327 1657 385 1717 Dei
405 1659 542 1737 peccatis
563 1657 720 1719 hominum
741 1659 951 1720 succensentis
974 1677 1045 1719 esse
1066 1657 1276 1737 repetendam.
1308 1656 1429 1717 Nihilo-

259 1757 359 1818 minus
380 1759 462 1819 huno
484 1764 517 1819 et
538 1759 654 1821 similes
680 1760 766 1820 locos
788 1760 827 1819 od
848 1760 1085 1820 confirmandam
1107 1779 1192 1835 eam,
1219 1780 1309 1839 quam
1337 1778 1429 1839 supra

258 1861 482 1940 proposuimus,
504 1862 688 1923 sententiam
709 1863 904 1943 gravissimos
926 1882 1006 1940 esse,
1029 1864 1119 1942 paulo
1140 1868 1212 1942 post
1232 1862 1415 1925 videbimus.

258 2180 361 2233 narrata
376 2174 439 2245 siut,
460 2191 572 2248 poenam
594 2173 734 2246 contineri,
757 2192 833 2246 quam
854 2170 977 2245 deust,
1001 2169 1040 2231 17
1062 2175 1175 2231 minatus
1197 2181 1262 2231 erat.
1292 2173 1340 2230 Gai
1360 2191 1426 2230 sen-

258 2260 358 2317 tentiae
379 2277 426 2315 cur
443 2260 566 2317 assentiri
587 2277 641 2316 non
661 2259 778 2333 possim,
812 2262 874 2318 nolo
901 2262 928 2316 h.
952 2261 970 2317 l.
999 2260 1103 2334 prolixe
1132 2277 1284 2335 exponere,
1311 2259 1427 2317 sufficiet

258 2346 326 2403 haec
346 2327 499 2418 protulidse.
542 2345 635 2401 illrum
656 2362 720 2401 sarra
742 2346 827 2411 foret,
849 2346 873 2402 si
895 2347 976 2416 Deus,
998 2346 1044 2402 ubi
1066 2345 1165 2402 homini
1186 2362 1298 2418 poenam
1320 2347 1426 2401 denun-

259 2430 327 2500 ciat,
356 2430 428 2486 illius
448 2446 567 2503 poenae,
595 2448 672 2501 quam
698 2437 774 2486 antea
802 2426 850 2503 (2,
875 2426 962 2516 17)
948 2430 1167 2500 denunciaverat,
1195 2432 1292 2486 nullam
1318 2432 1424 2488 omnino

257 2516 419 2571 mentionem
441 2515 555 2585 iaceret,
579 2522 607 2571 et
628 2514 786 2572 demumV.
810 2512 861 2587 it,
883 2516 930 2572 nbi
951 2533 1042 2572 secum
1063 2517 1175 2590 loquens
1198 2516 1343 2587 inducitur,
1368 2534 1424 2572 enm

258 2607 485 2658 commemoraret.
522 2596 652 2672 Quodtt,
675 2596 715 2656 aa
739 2618 780 2673 sq
803 2608 933 2659 narratum
955 2609 1006 2674 est,
1029 2618 1081 2661 non
1103 2601 1176 2677 ipsa
1199 2610 1242 2659 est
1261 2619 1368 2675 poena
1391 2603 1424 2659 de

256 2687 364 2744 homine
392 2693 514 2756 sumta,
544 2685 594 2741 sed
622 2703 656 2744 eo
683 2687 796 2743 oonsilio
818 2689 863 2759 lit,
891 2702 924 2745 ne
946 2689 1026 2744 homo
1048 2684 1160 2759 poenam
1182 2689 1216 2743 de
1238 2705 1271 2744 eo
1294 2705 1425 2743 sumen-

258 2771 328 2828 dam
350 2770 449 2827 irritam
470 2727 638 2827 reddat.-
666 2769 766 2845 (Verba
792 2729 895 2850 0537>
920 2783 971 2843 m
1001 2773 1106 2829 nonnisi
1132 2773 1212 2828 vitam
1239 2774 1425 2845 sempiternam

257 2863 464 2913 terrestrem
486 2855 636 2928 significare
657 2865 786 2930 possunt,
809 2874 885 2929 quam
905 2856 974 2912 llau
995 2857 1014 2912 l.
1029 2875 1053 2912 c.
1069 2874 1095 2930 p.
1113 2852 1163 2913 66.
1187 2858 1349 2913 aeternitatis
1371 2876 1425 2915 uo-

256 2940 357 2998 tionem
385 2941 510 3015 proponit
536 2937 628 3011 „eine
653 2936 753 2998 Weiss
779 2937 833 2998 oles
857 2936 1008 3018 Dosopns,
1040 2935 1151 2996 welche
1172 2938 1349 3017 entsprdclre
1370 2940 1425 2998 der

261 3021 370 3094 Weiss,
392 3024 447 3081 wie
471 3018 545 3082 Gon
562 3019 646 3092 letos
669 3044 701 3082 ea
722 3045 737 3082 a
757 3024 820 3083 Vet.
843 3028 1011 3085 Testamenta
1032 3027 1138 3084 videtur
1158 3027 1263 3102 aliena).
1319 3080 1335 3109 ⁵

343 3144 396 3220 to)
424 3146 466 3202 Gi.
489 3146 521 3201 ad
542 3163 605 3203 voc.
635 3153 744 3281 ΓΠΕΕ)
772 3153 879 3219 praeter
905 3146 972 3203 alios
999 3148 1076 3203 locos
1103 3146 1260 3218 praesertim
1285 3146 1342 3200 Jes.
1371 3142 1422 3214 38,

258 3243 315 3319 10,
343 3248 388 3304 uhi
415 3248 497 3303 verba
525 3255 637 3322 2me
659 3261 692 3317 η,
709 3258 729 3304 ,ι
753 3254 893 3352 Τηρῡ,
920 3246 956 3302 ita
983 3253 1013 3301 ut
1033 3245 1149 3316 llitzig
1177 3261 1208 3299 ea
1235 3245 1423 3316 interpretatus

255 3340 308 3404 est,
329 3333 456 3389 uertenda
478 3339 554 3388 sunt:
575 3325 734 3408 ,anulinus
754 3345 819 3384 snm
846 3326 967 3385 residuo
988 3344 1132 3384 annornm
1154 3331 1311 3383 meornrn.“
1353 3330 1422 3385 Ete-

254 3418 308 3474 nim
337 3424 447 3490 propter
471 3424 581 3490 peccata
609 3432 709 3472 suase
733 3410 896 3487 praematura
923 3422 1007 3473 morte
1035 3415 1180 3470 absumtum
1207 3414 1254 3484 iri,
1282 3415 1422 3470 arbitratus

255 3509 312 3559 erat
332 3500 504 3575 llislrias(V.
530 3497 569 3557 17
591 3501 723 3577 iin..-)
681 3499 833 3556 -Aliter
851 3500 926 3555 Num.
951 3496 1000 3571 16,
1024 3494 1075 3555 79
1099 3500 1242 3573 explicavit
1263 3500 1419 3555 llario.

253 3605 282 3661 p.
305 3583 356 3643 82:
383 3582 453 3656 „iolr
473 3582 615 3661 herneisio
633 3579 731 3650 nicht,
754 3581 827 3640 dass
847 3599 905 3639 oon
927 3581 982 3641 der
1006 3580 1210 3661 Todesstrofe,
1232 3583 1355 3659 wiefern
1376 3583 1421 3640 sie

251 3672 306 3748 fiir
321 3668 482 3728 desendere
503 3664 687 3728 Verdrcoden
701 3660 945 3743 oerddnptwirol‚
968 3666 1019 3726 dte
1039 3666 1124 3726 Reda
1143 3669 1190 3740 ist,
1212 3668 1268 3724 wie
1289 3685 1319 3725 es
1342 3667 1420 3725 deno

254 3751 333 3812 αιιοΙι
355 3753 423 3811 clem
446 3749 722 3830 Znsornnrendonpo
748 3769 970 3830 onyemessener
991 3752 1041 3820 ist,
1069 3752 1142 3812 door
1166 3753 1217 3812 die
1239 3750 1421 3811 Koroolriten

254 3838 309 3896 nait
327 3837 442 3898 andern
470 3833 685 3910 Verbreolrerm
713 3834 759 3896 uls
780 3836 852 3895 dass
873 3838 917 3896 rie
941 3837 995 3895 mit
1021 3839 1080 3900 den
1106 3837 1239 3897 anderen
1260 3826 1422 3896 Mensolren

253 3921 422 3999 ddertonpt
446 3919 616 3998 oerplichen
644 3921 794 3984 werden.“
836 3926 901 3982 Tum
926 3942 992 3983 vero
1018 3927 1099 3982 verba
1128 3937 1266 3998 0781]-
1270 3902 1316 4000 53
1344 3927 1420 3982 valde

252 4009 344 4085 inepte
366 4016 458 4066 essent
478 4009 557 4066 diota.

337 4125 391 4203 45)
411 4127 447 4183 lit
464 4127 517 4198 jam
538 4126 636 4199 vulg.
659 4123 760 4200 („sed
777 4125 810 4184 in
828 4131 956 4204 peronio
977 4144 1031 4185 sno
1053 4131 1184 4184 mortnrn
1206 4128 1285 4201 est-⁸)
1310 4135 1338 4184 et
1360 4122 1420 4184 Ln-

251 4207 361 4270 dnos.
427 4215 522 4267 'lamen
552 4213 620 4267 haec
650 4211 833 4286 interpretatio
865 4216 980 4270 tortasse
1014 4214 1121 4269 defendi
1149 4220 1254 4285 potest,
1288 4214 1312 4269 si
1339 4214 1419 4269 verba

252 4308 313 4370 nn
335 4304 462 4370 nemu]
486 4304 521 4366 ’3
544 4297 578 4352 ad
599 4314 719 4369 maguam
739 4298 810 4354 illam
824 4301 998 4356 israelitarum
1020 4299 1229 4355 internecionem
1257 4298 1342 4372 (Num.
1368 4293 1418 4368 ln,

252 4379 295 4439 ‘29
310 4380 364 4457 sq.)
382 4382 505 4437 retuleris
524 4379 590 4455 (vid.
612 4383 720 4438 llaul.
737 4401 761 4438 c.
784 4401 811 4456 p
835 4378 963 4458 82).-
989 4384 1043 4439 Sed
1067 4383 1166 4440 rectius
1187 4383 1356 4440 hauddubie
1378 4383 1418 4438 de

251 4466 369 4524 Wette
395 4467 440 4522 illa
471 4467 553 4522 verba
580 4466 767 4540 interpretatus
801 4475 857 4525 est:
907 4483 940 4523 er
965 4485 1029 4524 war
1056 4464 1127 4524 aber
1151 4464 1236 4525 nicht
1255 4469 1342 4522 notter
1362 4464 1419 4522 der

252 4548 497 4624 licitationem
518 4567 568 4607 nm
588 4550 685 4608 rainer
705 4539 809 4609 Sitnde
828 4547 926 4608 millen
946 4549 1035 4613 stord.
1070 4555 1112 4611 cf.
1134 4555 1151 4613 1
1157 4555 1198 4611 ul
1221 4551 1350 4622 ildller,
1373 4553 1418 4608 die

243 4635 348 4693 aaran.
371 4637 460 4694 tetre
482 4654 534 4696 ron
556 4637 606 4695 dar
626 4637 767 4695 Sindoi.
790 4639 823 4694 ll.
846 4657 873 4712 p.
896 4633 968 4695 387.
