3150 5300
763 581 814 656 87

196 789 333 853 Psalmis
356 788 507 849 nonnullis
537 794 569 850 et
591 788 669 850 libro
691 788 762 849 lobi
784 785 844 865 ¹⁶⁶)
865 788 980 849 factum
1003 793 1085 863 erat,
1114 775 1320 849 descenderet
1341 788 1372 848 in

197 897 281 957 lianc
311 892 532 972 cognitionem,
560 892 592 952 in
620 893 713 953 rebus
741 891 941 951 terrestribus
969 891 1091 951 omnino
1117 910 1222 951 verum
1248 889 1373 969 pietatis

202 995 374 1077 praemium
402 1013 462 1053 non
492 1013 562 1055 esse
590 993 816 1073 reponendum,
848 993 905 1053 sed
930 994 998 1052 illas
1025 1013 1082 1072 per
1114 1012 1148 1053 se
1175 1012 1265 1053 vanas
1293 1012 1373 1069 esse,

205 1119 261 1159 nec
283 1098 380 1158 ullum
401 1115 492 1156 verae
515 1095 673 1157 felicitatis
688 1095 822 1156 fructum
845 1116 882 1157 ex
904 1115 939 1155 se
953 1096 1136 1175 progignere
1150 1115 1253 1174 posse.
1286 1095 1374 1173 Quod

207 1222 295 1280 quum
323 1199 532 1259 Ecclesiastes
559 1198 732 1258 luculenter
759 1199 951 1278 exposuerit,
980 1204 1012 1259 et
1039 1199 1106 1278 ipse
1136 1200 1203 1278 spei
1229 1206 1373 1261 aeternae

168 1340 170 1343 .
203 1304 295 1378 ritae,
319 1321 408 1380 quam
431 1300 629 1381 Evangelium
651 1300 811 1379 patefecit,
832 1302 911 1360 viam
933 1301 1060 1361 munivit
1083 1297 1151 1379 ¹⁶⁶).

291 1406 357 1481 Qua
378 1404 497 1463 ratione
519 1402 551 1462 in
565 1403 839 1464 Alexandrinorum
854 1402 1039 1466 ludaeorum
1060 1404 1217 1483 theologia
1234 1402 1375 1483 dogmata

203 1506 382 1567 Platonicae
404 1505 617 1585 philosophiae
641 1510 674 1565 et
696 1502 822 1565 Veteris
845 1504 1039 1566 Testamenti
1061 1506 1142 1566 inter
1164 1525 1198 1565 se
1221 1506 1282 1565 sint
1304 1525 1374 1565 con-

202 1609 331 1682 sociata,
353 1613 388 1667 ut
409 1607 548 1667 doctrina
570 1607 723 1668 debeata
744 1608 910 1687 proborum
933 1607 1178 1687 sapientiumque
1198 1608 1374 1668 immortali·

202 1717 270 1773 tate
293 1711 470 1785 exsisteret,
492 1710 552 1769 hoc
574 1709 644 1770 loco
666 1710 736 1769 nolo
753 1729 918 1789 exponere.
948 1710 981 1769 ld
996 1730 1089 1770 unum
1104 1729 1224 1784 moneo,
1246 1711 1373 1770 Alexan·

204 1814 312 1874 drinos
340 1814 476 1892 speciem
505 1811 627 1891 quidem
655 1819 801 1872 aeternae
822 1813 903 1872 uitae
926 1813 1090 1887 obtulisse,
1118 1812 1174 1873 sed
1201 1831 1311 1892 reapse
1339 1833 1375 1874 eo

206 1921 401 1987 extenuasse,
424 1934 501 1994 quae
524 1914 563 1974 de
585 1913 790 1974 indissolubili
812 1920 904 1993 atque
926 1920 1051 1974 aeterna
1072 1915 1191 1994 piorum
1219 1935 1287 1975 oum
1310 1914 1375 1977 Deo

208 2016 424 2078 communitate
439 2016 570 2077 Davides
592 2021 625 2076 et
646 2016 804 2095 Assaphus
827 2021 915 2076 erant
937 2016 1083 2095 augurati.
1111 2015 1268 2096 iidemque
1284 2037 1375 2095 quum

207 2118 319 2198 dogma
339 2118 386 2204 ¹tle
409 2118 636 2179 resurrectione
664 2124 853 2178 mortuorum
875 2125 1073 2196 respuerent,
1097 2118 1134 2177 ab
1158 2138 1195 2178 ea
1216 2120 1295 2179 ritae
1316 2120 1374 2195 xia,

208 2240 298 2300 quam
318 2219 391 2282 Vet.
414 2220 648 2282 Testamentum
671 2226 972 2296 commonstraverat,
994 2221 1085 2301 longe
1107 2221 1332 2282 aberraverunt.

292 2322 361 2383 Hoc
389 2323 531 2383 nimirum
556 2329 656 2383 ratum
684 2343 811 2384 manere
838 2322 962 2397 debuit,
996 2343 1099 2384 reram
1126 2344 1161 2385 ac
1191 2325 1310 2384 firmam
1336 2323 1375 2384 de

209 2424 269 2485 vita
297 2430 424 2486 aeterna
445 2426 628 2486 sententiam
654 2445 721 2485 rem
744 2444 899 2486 essenon
931 2426 968 2485 ab
998 2426 1173 2487 hominibus
1204 2427 1374 2507 excogitan·

207 2527 288 2604 dam,
313 2528 369 2588 sed
392 2529 429 2587 ab
451 2530 519 2607 ipso
541 2528 608 2589 Deo
629 2526 884 2607 patefaciendam.

275 2682 417 2689 ...un-...u-u
425 2685 458 2690 ..-
463 2684 510 2690 ......›

296 2781 366 2861 165)
391 2787 469 2844 Liber
488 2788 562 2859 Jobi,
585 2789 703 2861 quamvis
725 2788 823 2845 acriter
843 2791 896 2845 hoc
918 2787 1059 2859 defendet,
1081 2789 1197 2846 hominis
1218 2790 1374 2865 dignitatem

207 2891 242 2929 ex
264 2873 344 2929 rebus
367 2874 484 2930 externis
506 2891 559 2931 nou
582 2891 643 2930 esse
665 2875 862 2945 aestimandam,
885 2880 971 2931 tamen
993 2891 1037 2930 res
1059 2881 1181 2930 externas
1203 2893 1252 2949 per
1272 2894 1302 2932 se
1324 2895 1375 2933 vo-

207 2975 254 3013 nas
279 2973 340 3012 esse
359 2959 427 3013 adeo
449 2975 502 3015 non
524 2959 658 3030 iutelligit,
680 2966 710 3017 ut
723 2966 861 3034 postremo
877 2960 910 3017 ad
925 2960 1045 3030 eandem,
1068 2977 1145 3030 quom
1160 2961 1219 3034 ipse
1233 2962 1375 3035 impugna·
1470 3002 1472 3007 ·

207 3048 283 3098 vernt
304 3042 460 3097 sententiam
482 3048 608 3098 recurrat.

297 3155 373 3236 roo)
395 3161 436 3217 cr.
459 3161 609 3234 nmregom.
633 3179 656 3218 a.
680 3163 773 3220 rheu.
796 3164 823 3220 a.
846 3164 880 3220 x.
902 3165 931 3219 u.
954 3182 981 3237 p.
1005 3157 1046 3219 90
1062 3179 1103 3235 sq.
1194 3132 1197 3136 ’

647 3628 658 3634 -
667 3629 678 3634 --
685 3578 936 3686 »τινὶῑὶψιίῖωω
