3150 5300
757 516 810 591 68

205 737 377 811 temporum
398 727 446 788 rel
466 724 653 803 singulorum
674 720 796 782 casibus
817 721 879 781 vita
900 722 1052 797 turbatur,
1073 741 1166 801 quum
1186 721 1229 802 pii
1251 741 1372 784 aerum·

204 853 310 895 narum
332 832 412 892 mole
433 825 535 887 obruti
557 824 652 884 malos
675 828 707 883 et
729 822 840 903 impios
862 822 974 884 felices
995 831 1133 885 cernunt.
1175 826 1261 886 llaec
1275 825 1373 885 relue-

204 935 393 997 racntissime
419 927 573 1007 exagitant
601 926 717 986 animos
746 932 779 986 et
805 926 1005 1005 praecipuum
1032 928 1206 1008 scrupulum
1233 928 1271 987 iis
1300 927 1372 1008 inji-

203 1039 302 1109 ciunt,
323 1031 464 1111 quoniam
487 1029 558 1106 (vid.
580 1029 603 1089 1.
626 1026 677 1109 lt.)
698 1027 855 1089 Moesicae
877 1029 954 1108 legis
977 1035 1084 1090 sancta
1103 1030 1286 1091 auctoritate
1310 1035 1373 1090 sta-

204 1139 290 1200 bilita
311 1141 360 1195 est
381 1133 550 1207 sententia,
577 1150 678 1210 neque
700 1130 843 1191 adversas
870 1150 970 1210 neque
993 1132 1143 1193 secundas
1169 1151 1221 1192 res
1248 1132 1373 1213 ajusto

201 1240 260 1302 Dei
287 1237 410 1298 numine
437 1254 569 1313 unquam
603 1232 788 1312 separandas
818 1251 899 1294 esre.
951 1234 1041 1310 Quod
1067 1234 1185 1295 ethnici
1217 1233 1311 1294 facile
1338 1234 1374 1295 in

200 1346 323 1422 promtu
342 1340 468 1411 habent,
490 1341 542 1397 aut
563 1354 601 1396 ex
622 1334 679 1395 fati
694 1335 881 1395 necessitate
902 1334 1007 1397 ferrea
1027 1342 1079 1398 unt
1100 1356 1139 1397 ex
1158 1335 1302 1397 fortunae
1323 1337 1369 1397 lu·

200 1444 301 1504 dibrio
326 1438 459 1501 hominis
487 1443 604 1498 sortem
631 1437 802 1518 proticisci,
833 1437 866 1497 id
893 1456 932 1498 ue
954 1436 1033 1499 Jobo
1061 1438 1184 1518 quidem
1206 1440 1371 1514 succurrit,

200 1564 292 1624 quum
314 1543 346 1603 in
367 1542 555 1603 obscuritate
578 1560 613 1601 ac
634 1540 825 1602 dubitatione
839 1539 911 1620 fere
923 1541 1058 1602 onlnium
1071 1546 1223 1607 versetur.
1251 1542 1280 1602 Λ
1301 1541 1370 1603 Dei

197 1648 257 1708 ira
284 1662 443 1707 aerumnas
469 1642 640 1723 proticisci,
667 1642 848 1703 indubium
875 1662 986 1704 vocare
1013 1661 1075 1705 non
1102 1643 1210 1719 audet;
1241 1650 1370 1705 atvero

199 1749 246 1824 id,
276 1768 341 1809 cur
362 1747 445 1807 lleua
467 1744 712 1819 animentur,
739 1744 914 1824 intelligere
935 1763 971 1806 se
993 1765 1086 1826 posse
1107 1752 1209 1827 negat.
1251 1747 1297 1807 Et
1317 1746 1368 1825 qui

198 1852 231 1913 in
252 1850 306 1910 illo
328 1848 449 1927 dialogo
471 1847 631 1909 Mosrismi
658 1864 780 1908 causam
802 1854 910 1926 agunt,
938 1847 1105 1927 diligenter
1131 1854 1282 1929 respuunt
1303 1848 1366 1929 cpi·

199 1954 332 2026 monem,
355 1951 442 2030 quasi
462 1955 583 2013 temere
605 1970 641 2012 ac
662 1950 792 2011 fortuito
814 1955 867 2011 aut
887 1951 1075 2012 necessitate
1097 1952 1197 2030 aliqua
1218 1952 1366 2014 extrinse

200 2075 254 2117 cus
276 2056 367 2117 allata
388 2053 561 2113 mortalium
582 2052 707 2112 miseria
728 2052 872 2126 exsistat3
894 2052 987 2112 immo
1009 2052 1179 2115 identidem
1193 2060 1316 2135 urgent,
1336 2055 1365 2116 iu

199 2158 296 2239 ipsius
321 2155 454 2216 hominis
475 2154 625 2234 pravitate
647 2154 797 2229 omnium,
824 2154 933 2233 quibus
956 2154 1109 2235 affligatur
1136 2157 1287 2218 malorum
1307 2176 1364 2219 ma·

200 2263 298 2321 lorum
320 2256 479 2317 materiam
501 2272 572 2317 esse
594 2253 800 2333 quaerendam
823 2252 891 2332 136).

283 2356 319 2437 3)
340 2358 497 2420 Interdum
518 2376 592 2420 sane
614 2357 707 2419 animi
728 2358 893 2419 commotio
915 2377 954 2419 eo
975 2359 1110 2435 sedatur,
1132 2360 1215 2439 quod
1233 2360 1364 2423 afflictus

200 2462 361 2543 expendit,
387 2480 490 2521 coram
511 2461 578 2523 Deo
600 2462 690 2540 plane
716 2461 912 2522 innocentem
935 2480 1005 2523 esse
1034 2463 1204 2539 neminem,
1233 2469 1269 2525 et
1287 2465 1363 2525 hanc

200 2567 239 2626 ob
263 2583 385 2625 eausam
406 2563 499 2625 etiam
521 2583 540 2623 a
560 2562 619 2643 piis
641 2582 702 2624 nou
724 2563 783 2624 Dei
799 2563 953 2645 justitiam
974 2566 1184 2642 accusandam,
1207 2566 1266 2629 sed
1287 2568 1363 2651 ejus

286 2817 362 2897 136)
388 2822 477 2880 Verba
498 2821 616 2896 Eliphusi
643 2823 673 2880 G.
697 2821 734 2896 5,
757 2820 804 2896 7.,
832 2844 900 2900 quac
927 2828 1013 2901 primo
1037 2837 1150 2903 aspectu
1178 2839 1272 2891 contra
1299 2836 1363 2892 lanc

200 2907 358 2966 sententiam
372 2924 491 2980 pugnare
505 2907 637 2980 videntur,
660 2927 695 2966 ex
716 2917 844 2968 contextu
866 2913 994 2971 orationis
1015 2913 1144 2972 illustrata
1166 2934 1223 2973 eam
1238 2936 1364 2994 compro-

200 2997 271 3050 bant.
296 2993 436 3066 liliplrasua
450 2994 507 3049 vult
520 2995 673 3066 ostendere,
688 2995 820 3052 neminem
833 2997 965 3056 insontem
980 2999 1068 3073 pe'rire
1083 2998 1125 3074 (4,
1141 2997 1182 3075 7),
1197 3004 1247 3059 sed
1262 3020 1365 3062 omnam

200 3077 332 3135 miseriam
354 3095 389 3134 ex
409 3079 524 3135 hominis
546 3081 623 3153 culpa
644 3081 792 3157 proficisci.
835 3085 939 3141 Etenim
961 3083 1009 3158 (4,
1034 3081 1185 3158 17—19)
1207 3086 1366 3166 ‚jactum

200 3161 257 3220 crit
276 3158 363 3218 tonso
385 3179 487 3219 coram
508 3158 585 3230 Deo,
604 3164 808 3240 pontateco·
829 3184 930 3225 coram
952 3172 1086 3227 creatore
1107 3168 1182 3227 sco?
1210 3169 1296 3231 Ecce
1308 3192 1365 3233 aar·

87 3254 90 3259 '
199 3247 245 3305 cis
265 3244 327 3302 suis
348 3262 408 3303 non
429 3245 568 3322 confidit,
596 3253 626 3305 et
644 3247 677 3304 in
698 3246 814 3326 capelia
840 3251 902 3310 ruia
919 3253 1010 3329 ponit
1030 3253 1225 3330 pravitatem
1253 3264 1367 3339 qum

199 3328 295 3407 mcpis
317 3328 359 3403 (in
380 3330 445 3404 iis),
469 3329 522 3410 qui
542 3326 636 3390 luteos
656 3329 794 3392 dubitant
812 3334 936 3395 ἄσιτοι(
957 3346 1026 3411 etc.;
1048 3372 1090 3381 -
1112 3343 1184 3413 quod
1207 3341 1236 3415 ὅ,
1260 3342 1365 3405 3-5.

199 3415 312 3490 improbi
333 3417 467 3486 cujusdam
488 3417 602 3474 hominis
625 3419 724 3491 exitio,
747 3423 819 3495 quod
839 3423 980 3497 Eliphasus
1002 3427 1143 3498 cognovit,
1168 3431 1365 3503 comprobatur.

198 3505 256 3561 lam
278 3501 301 3558 si
321 3502 461 3575 Eliplrasus
484 3499 518 3574 5,
541 3499 635 3576 tisqq.
657 3506 763 3579 pergit:
807 3523 892 3574 ,mon
913 3525 953 3565 ex
969 3504 1096 3586 pulvere
1122 3509 1218 3568 oritur
1245 3511 1366 3592 mulsam,

198 3602 293 3664 nepotc
315 3603 355 3643 esc
375 3581 463 3642 dumo
484 3587 647 3646 succrescit
665 3588 786 3648 miseria
808 3593 837 3667 (i.
854 3611 879 3649 e,
902 3611 955 3651 non
970 3595 1137 3653 extrinsecus
1152 3599 1285 3659 accedunt
1299 3618 1366 3660 cau-

199 3690 245 3730 sae
266 3689 445 3728 aemmnamm
465 3674 659 3748 humanarum),
680 3672 737 3734 red
756 3673 802 3735 od
820 3675 969 3735 ntiseriom
990 3676 1077 3737 Ιιοηιο
1098 3683 1185 3738 cotta
1207 3686 1267 3753 est,
1288 3684 1369 3745 stem

194 3753 253 3834 filii
270 3751 401 3832 frdporis
422 3773 537 3814 narsum
555 3758 716 3835 serumst
738 3762 774 3834 (i.
797 3779 824 3819 e.
846 3771 940 3837 suapte
961 3772 1052 3822 natura
1073 3766 1153 3824 homo
1175 3769 1210 3824 ad
1230 3771 1365 3831 miseriam

199 3843 318 3913 trahitur,
341 3842 559 3914 quenadmodum
580 3861 645 3901 aves
666 3862 776 3919 rapaces
796 3849 847 3904 hac
869 3849 1022 3907 conditione
1044 3859 1202 3925 nascuntur,
1223 3862 1253 3914 ut
1274 3858 1364 3917 volam

197 3929 309 3986 sublime
330 3934 437 4001 petant3
458 3929 511 3999 vel,
533 3937 563 3986 ut
583 3930 629 3987 alii
650 3930 869 4005 interpretantur,
892 3936 1110 4007 quemadmodum
1131 3938 1263 3997 scintillae
1283 3951 1364 4002 uatu-

198 4015 248 4071 rali
269 4031 319 4070 suo
341 4014 454 4086 impulsu
475 4030 577 4071 sursum
599 4015 745 4092 lemntur):
774 4026 915 4076 contextus
936 4021 1067 4077 sermonis
1089 4022 1184 4094 docet,
1207 4026 1364 4103 Eliphssum

197 4100 231 4155 da
247 4116 278 4154 ea
292 4116 472 4155 acmmnarum
485 4100 646 4158 necessitate
660 4103 742 4174 loqui,
764 4121 831 4177 quac
852 4105 1003 4163 hominia
1024 4107 1111 4164 vitio
1133 4115 1192 4165 orta
1205 4111 1251 4168 sit.
1281 4114 1364 4172 licata

197 4184 315 4240 llirael
336 4182 448 4256 (comm.
470 4184 497 4241 in
517 4186 614 4242 Jobum
634 4205 661 4260 p.
684 4183 759 4260 tlt:
799 4204 857 4260 „er
877 4185 967 4247 solbet
985 4187 1042 4248 der
1064 4186 1143 4248 ntor
1162 4188 1244 4252 tatae
1265 4195 1364 4257 dieses

196 4264 279 4326 Laos
300 4262 500 4337 volcbal-det,
528 4268 584 4326 wie
604 4268 684 4331 dean
704 4268 873 4350 obertaapt
896 4269 1005 4332 Ualaeil
1029 4274 1095 4334 aad
1115 4272 1214 4336 Edeta
1238 4279 1364 4342 ninnols

197 4371 252 4411 aas
274 4350 341 4411 dcta
364 4349 473 4411 Badeo
493 4350 615 4427 tacut,
638 4352 669 4414 d.
690 4353 720 4414 Ιι.
742 4374 800 4414 von
822 4375 928 4415 aaaron
950 4355 1068 4434 kommt,
1091 4368 1227 4442 aermdpc
1247 4363 1362 4426 Notar-

195 4433 460 4513 ncttwendipleit,
488 4437 618 4496 condem
643 4438 699 4498 der
724 4437 850 4499 Mensclt
877 4441 916 4500 ist
942 4460 988 4518 es,
1013 4445 1046 4502 io
1072 4443 1179 4505 dassen
1200 4446 1304 4510 Notar
1330 4470 1362 4512 es

196 4522 302 4582 mano
322 4519 411 4600 lleyt,
440 4519 537 4581 durch
558 4523 610 4582 die
630 4522 754 4585 sande
780 4524 838 4585 das
858 4523 959 4588 Elcnd
977 4526 1234 4609 hobcichdlrrea,
1261 4533 1309 4594 als
1331 4555 1361 4597 es

195 4607 229 4664 ia
248 4605 304 4666 der
324 4604 426 4667 Notus
446 4606 503 4667 der
524 4605 733 4688 Facoafimkcn
753 4606 834 4689 liept,
855 4610 928 4672 dass
948 4613 993 4672 sic
1014 4617 1158 4694 Wwdrts
1175 4616 1319 4698 fliepca.“

1393 4710 1399 4737 l
