<?xml version="1.0" encoding="UTF-8"?>
<!DOCTYPE html PUBLIC "-//W3C//DTD XHTML 1.0 Transitional//EN"
    "http://www.w3.org/TR/xhtml1/DTD/xhtml1-transitional.dtd">
<html xmlns="http://www.w3.org/1999/xhtml" xml:lang="en" lang="en">
 <head>
  <title>
</title>
<meta http-equiv="Content-Type" content="text/html;charset=utf-8" />
  <meta name='ocr-system' content='tesseract 3.04.00' />
  <meta name='ocr-capabilities' content='ocr_page ocr_carea ocr_par ocr_line ocrx_word'/>
</head>
<body>
  <div class='ocr_page' id='page_1' title='image "./veteristestamen00oehlgoog_0018.png"; bbox 0 0 3150 5300; ppageno 0'>
   <div class='ocr_carea' id='block_1_1' title="bbox 768 487 795 558">
    <p class='ocr_par' dir='ltr' id='par_1_1' title="bbox 768 487 795 558">
     <span class='ocr_line' id='line_1_1' title="bbox 768 487 795 558; baseline 0 0"><span class='ocrx_word' id='word_1_1' title='bbox 768 487 795 558; x_wconf 86' lang='grc'><strong>4</strong></span> 
     </span>
    </p>
   </div>
   <div class='ocr_carea' id='block_1_2' title="bbox 197 687 1378 1895">
    <p class='ocr_par' dir='ltr' id='par_1_2' title="bbox 197 687 1378 1895">
     <span class='ocr_line' id='line_1_2' title="bbox 281 687 1377 770; baseline 0.004 -23"><span class='ocrx_word' id='word_1_2' title='bbox 281 687 400 750; x_wconf 83' lang='lat' dir='ltr'><strong>Slmllls</strong></span> <span class='ocrx_word' id='word_1_3' title='bbox 423 689 642 764; x_wconf 66' lang='lat' dir='ltr'><strong>controversia,</strong></span> <span class='ocrx_word' id='word_1_4' title='bbox 664 690 763 769; x_wconf 85' lang='lat' dir='ltr'><strong>qualis</strong></span> <span class='ocrx_word' id='word_1_5' title='bbox 785 689 866 770; x_wconf 90' lang='lat' dir='ltr'><strong>apud</strong></span> <span class='ocrx_word' id='word_1_6' title='bbox 889 688 1022 751; x_wconf 83' lang='lat' dir='ltr'><strong>Veteres</strong></span> <span class='ocrx_word' id='word_1_7' title='bbox 1044 690 1161 766; x_wconf 79' lang='lat' dir='ltr'><strong>fuerat,</strong></span> <span class='ocrx_word' id='word_1_8' title='bbox 1183 690 1214 750; x_wconf 92' lang='lat' dir='ltr'><strong>in</strong></span> <span class='ocrx_word' id='word_1_9' title='bbox 1237 689 1377 751; x_wconf 84' lang='lat' dir='ltr'><strong>ecclesia</strong></span> 
     </span>
     <span class='ocr_line' id='line_1_3' title="bbox 197 791 1378 873; baseline 0.003 -25"><span class='ocrx_word' id='word_1_10' title='bbox 197 791 373 868; x_wconf 71' lang='lat' dir='ltr'><strong>euangelica</strong></span> <span class='ocrx_word' id='word_1_11' title='bbox 395 791 527 864; x_wconf 84' lang='lat' dir='ltr'><strong>exstitit,</strong></span> <span class='ocrx_word' id='word_1_12' title='bbox 558 792 802 873; x_wconf 88' lang='lat' dir='ltr'><strong>quamprimum</strong></span> <span class='ocrx_word' id='word_1_13' title='bbox 826 792 1012 852; x_wconf 74' lang='lat' dir='ltr'><strong>Seruatus</strong></span> <span class='ocrx_word' id='word_1_14' title='bbox 1040 798 1072 852; x_wconf 90' lang='lat' dir='ltr'><strong>et</strong></span> <span class='ocrx_word' id='word_1_15' title='bbox 1100 791 1308 853; x_wconf 84' lang='lat' dir='ltr'><strong>Sociniani</strong></span> <span class='ocrx_word' id='word_1_16' title='bbox 1336 811 1378 853; x_wconf 91' lang='lat' dir='ltr'><strong>eo</strong></span> 
     </span>
     <span class='ocr_line' id='line_1_4' title="bbox 197 892 1378 975; baseline 0.005 -25"><span class='ocrx_word' id='word_1_17' title='bbox 197 892 407 972; x_wconf 83' lang='lat' dir='ltr'><strong>potissimum,</strong></span> <span class='ocrx_word' id='word_1_18' title='bbox 436 893 517 972; x_wconf 89' lang='lat' dir='ltr'><strong>quod</strong></span> <span class='ocrx_word' id='word_1_19' title='bbox 539 914 687 974; x_wconf 89' lang='lat' dir='ltr'><strong>nusquam</strong></span> <span class='ocrx_word' id='word_1_20' title='bbox 715 895 746 956; x_wconf 91' lang='lat' dir='ltr'><strong>in</strong></span> <span class='ocrx_word' id='word_1_21' title='bbox 769 895 839 975; x_wconf 86' lang='lat' dir='ltr'><strong>lege</strong></span> <span class='ocrx_word' id='word_1_22' title='bbox 862 895 960 955; x_wconf 88' lang='lat' dir='ltr'><strong>Mosis</strong></span> <span class='ocrx_word' id='word_1_23' title='bbox 988 900 1115 955; x_wconf 86' lang='lat' dir='ltr'><strong>aetema</strong></span> <span class='ocrx_word' id='word_1_24' title='bbox 1134 895 1197 954; x_wconf 79' lang='lat' dir='ltr'><strong>vita</strong></span> <span class='ocrx_word' id='word_1_25' title='bbox 1217 894 1378 973; x_wconf 82' lang='lat' dir='ltr'><strong>promissa</strong></span> 
     </span>
     <span class='ocr_line' id='line_1_5' title="bbox 199 995 1376 1081; baseline -0.001 -25"><span class='ocrx_word' id='word_1_26' title='bbox 199 1003 299 1064; x_wconf 80' lang='lat' dir='ltr'><strong>esset.</strong></span> <span class='ocrx_word' id='word_1_27' title='bbox 335 995 460 1057; x_wconf 80' lang='lat' dir='ltr'>Veteris</span> <span class='ocrx_word' id='word_1_28' title='bbox 489 996 684 1060; x_wconf 74' lang='lat' dir='ltr'><strong>Testamenti</strong></span> <span class='ocrx_word' id='word_1_29' title='bbox 718 999 932 1058; x_wconf 89' lang='lat' dir='ltr'><strong>auctoritatem</strong></span> <span class='ocrx_word' id='word_1_30' title='bbox 959 998 1113 1058; x_wconf 86' lang='lat' dir='ltr'><strong>infirmare</strong></span> <span class='ocrx_word' id='word_1_31' title='bbox 1147 996 1313 1057; x_wconf 77' lang='lat' dir='ltr'><strong>studerent</strong></span> <span class='ocrx_word' id='word_1_32' title='bbox 1334 995 1376 1081; x_wconf 72' lang='lat'><strong>⁸),</strong></span> 
     </span>
     <span class='ocr_line' id='line_1_6' title="bbox 199 1098 1375 1180; baseline 0.007 -27"><span class='ocrx_word' id='word_1_33' title='bbox 199 1103 308 1174; x_wconf 82' lang='lat' dir='ltr'><strong>postea</strong></span> <span class='ocrx_word' id='word_1_34' title='bbox 328 1115 402 1157; x_wconf 76' lang='lat' dir='ltr'><strong>vem</strong></span> <span class='ocrx_word' id='word_1_35' title='bbox 424 1098 585 1161; x_wconf 80' lang='lat' dir='ltr'><strong>Deletae</strong></span> <span class='ocrx_word' id='word_1_36' title='bbox 615 1101 708 1161; x_wconf 90' lang='lat' dir='ltr'><strong>simili</strong></span> <span class='ocrx_word' id='word_1_37' title='bbox 731 1105 910 1180; x_wconf 88' lang='lat' dir='ltr'><strong>argumento</strong></span> <span class='ocrx_word' id='word_1_38' title='bbox 932 1099 1070 1160; x_wconf 87' lang='lat' dir='ltr'><strong>adhibito</strong></span> <span class='ocrx_word' id='word_1_39' title='bbox 1098 1098 1228 1159; x_wconf 76' lang='lat' dir='ltr'><strong>diuinam</strong></span> <span class='ocrx_word' id='word_1_40' title='bbox 1250 1098 1375 1161; x_wconf 65' lang='grc' dir='ltr'><strong>18ηὸΙί-</strong></span> 
     </span>
     <span class='ocr_line' id='line_1_7' title="bbox 198 1197 1376 1281; baseline 0.005 -23"><span class='ocrx_word' id='word_1_41' title='bbox 198 1197 330 1258; x_wconf 88' lang='lat' dir='ltr'><strong>tlcorum</strong></span> <span class='ocrx_word' id='word_1_42' title='bbox 357 1218 513 1262; x_wconf 88' lang='lat' dir='ltr'><strong>sacromm</strong></span> <span class='ocrx_word' id='word_1_43' title='bbox 543 1202 693 1281; x_wconf 79' lang='lat' dir='ltr'><strong>originem</strong></span> <span class='ocrx_word' id='word_1_44' title='bbox 713 1220 840 1281; x_wconf 88' lang='lat' dir='ltr'><strong>prorsus</strong></span> <span class='ocrx_word' id='word_1_45' title='bbox 868 1207 1052 1281; x_wconf 76' lang='lat' dir='ltr'><strong>respuerent</strong></span> <span class='ocrx_word' id='word_1_46' title='bbox 1072 1200 1109 1280; x_wconf 83' lang='lat'><strong>⁹).</strong></span> <span class='ocrx_word' id='word_1_47' title='bbox 1153 1201 1269 1261; x_wconf 84' lang='lat' dir='ltr'><strong>Contra</strong></span> <span class='ocrx_word' id='word_1_48' title='bbox 1297 1221 1376 1281; x_wconf 88' lang='lat' dir='ltr'><strong>quos</strong></span> 
     </span>
     <span class='ocr_line' id='line_1_8' title="bbox 199 1299 1375 1383; baseline 0.005 -24"><span class='ocrx_word' id='word_1_49' title='bbox 199 1299 350 1362; x_wconf 83' lang='lat' dir='ltr'><strong>ecclesiae</strong></span> <span class='ocrx_word' id='word_1_50' title='bbox 372 1304 566 1383; x_wconf 77' lang='lat' dir='ltr'><strong>evangelicae</strong></span> <span class='ocrx_word' id='word_1_51' title='bbox 587 1304 726 1383; x_wconf 78' lang='lat' dir='ltr'><strong>theologi</strong></span> <span class='ocrx_word' id='word_1_52' title='bbox 749 1303 801 1363; x_wconf 88' lang='lat' dir='ltr'><strong>diu</strong></span> <span class='ocrx_word' id='word_1_53' title='bbox 823 1303 900 1363; x_wconf 90' lang='lat' dir='ltr'><strong>nihil</strong></span> <span class='ocrx_word' id='word_1_54' title='bbox 922 1303 1073 1382; x_wconf 87' lang='lat' dir='ltr'><strong>antiquius</strong></span> <span class='ocrx_word' id='word_1_55' title='bbox 1096 1302 1259 1378; x_wconf 76' lang='lat' dir='ltr'><strong>ducebant,</strong></span> <span class='ocrx_word' id='word_1_56' title='bbox 1284 1324 1375 1383; x_wconf 83' lang='lat' dir='ltr'><strong>quam</strong></span> 
     </span>
     <span class='ocr_line' id='line_1_9' title="bbox 200 1405 1372 1468; baseline 0.003 -4"><span class='ocrx_word' id='word_1_57' title='bbox 200 1407 234 1464; x_wconf 89' lang='lat' dir='ltr'><strong>ut</strong></span> <span class='ocrx_word' id='word_1_58' title='bbox 255 1410 373 1464; x_wconf 88' lang='lat' dir='ltr'><strong>certam</strong></span> <span class='ocrx_word' id='word_1_59' title='bbox 400 1425 436 1464; x_wconf 89' lang='lat' dir='ltr'><strong>ac</strong></span> <span class='ocrx_word' id='word_1_60' title='bbox 458 1405 578 1466; x_wconf 86' lang='lat' dir='ltr'><strong>tirmam</strong></span> <span class='ocrx_word' id='word_1_61' title='bbox 600 1405 769 1466; x_wconf 85' lang='lat' dir='ltr'><strong>animorum</strong></span> <span class='ocrx_word' id='word_1_62' title='bbox 797 1405 1034 1465; x_wconf 87' lang='lat' dir='ltr'><strong>immortalitatis</strong></span> <span class='ocrx_word' id='word_1_63' title='bbox 1064 1411 1097 1465; x_wconf 89' lang='lat' dir='ltr'><strong>et</strong></span> <span class='ocrx_word' id='word_1_64' title='bbox 1117 1406 1198 1464; x_wconf 74' lang='lat' dir='ltr'><strong>ritae</strong></span> <span class='ocrx_word' id='word_1_65' title='bbox 1227 1411 1372 1468; x_wconf 73' lang='lat' dir='ltr'><strong>aeternae</strong></span> 
     </span>
     <span class='ocr_line' id='line_1_10' title="bbox 199 1506 1364 1588; baseline 0.003 -24"><span class='ocrx_word' id='word_1_66' title='bbox 199 1523 286 1584; x_wconf 90' lang='lat' dir='ltr'><strong>spem</strong></span> <span class='ocrx_word' id='word_1_67' title='bbox 309 1508 339 1566; x_wconf 90' lang='lat' dir='ltr'><strong>in</strong></span> <span class='ocrx_word' id='word_1_68' title='bbox 356 1506 427 1568; x_wconf 89' lang='lat' dir='ltr'><strong>Vet.</strong></span> <span class='ocrx_word' id='word_1_69' title='bbox 443 1507 645 1569; x_wconf 84' lang='lat' dir='ltr'><strong>Testamenta</strong></span> <span class='ocrx_word' id='word_1_70' title='bbox 667 1527 844 1588; x_wconf 83' lang='lat' dir='ltr'><strong>expressam</strong></span> <span class='ocrx_word' id='word_1_71' title='bbox 866 1527 937 1569; x_wconf 89' lang='lat' dir='ltr'><strong>esse</strong></span> <span class='ocrx_word' id='word_1_72' title='bbox 956 1507 1220 1580; x_wconf 79' lang='lat' dir='ltr'><strong>demonstrarent3</strong></span> <span class='ocrx_word' id='word_1_73' title='bbox 1243 1527 1364 1588; x_wconf 82' lang='lat' dir='ltr'><strong>eosque,</strong></span> 
     </span>
     <span class='ocr_line' id='line_1_11' title="bbox 200 1606 1370 1693; baseline 0.001 -25"><span class='ocrx_word' id='word_1_74' title='bbox 200 1608 252 1687; x_wconf 87' lang='lat' dir='ltr'><strong>qui</strong></span> <span class='ocrx_word' id='word_1_75' title='bbox 274 1609 365 1670; x_wconf 87' lang='lat' dir='ltr'><strong>aliter</strong></span> <span class='ocrx_word' id='word_1_76' title='bbox 385 1611 571 1687; x_wconf 77' lang='lat' dir='ltr'><strong>sentiebant,</strong></span> <span class='ocrx_word' id='word_1_77' title='bbox 593 1617 657 1671; x_wconf 90' lang='lat' dir='ltr'><strong>tam</strong></span> <span class='ocrx_word' id='word_1_78' title='bbox 672 1612 787 1671; x_wconf 88' lang='lat' dir='ltr'><strong>acriter</strong></span> <span class='ocrx_word' id='word_1_79' title='bbox 801 1612 1018 1690; x_wconf 77' lang='lat' dir='ltr'><strong>impugnabant</strong></span> <span class='ocrx_word' id='word_1_80' title='bbox 1036 1606 1091 1688; x_wconf 84' lang='lat'><strong>¹⁰),</strong></span> <span class='ocrx_word' id='word_1_81' title='bbox 1113 1617 1148 1670; x_wconf 92' lang='lat' dir='ltr'><strong>ut</strong></span> <span class='ocrx_word' id='word_1_82' title='bbox 1170 1610 1370 1693; x_wconf 83' lang='lat' dir='ltr'><strong>Coccejus,</strong></span> 
     </span>
     <span class='ocr_line' id='line_1_12' title="bbox 200 1712 1372 1792; baseline 0.003 -22"><span class='ocrx_word' id='word_1_83' title='bbox 200 1729 292 1789; x_wconf 81' lang='lat' dir='ltr'><strong>quum</strong></span> <span class='ocrx_word' id='word_1_84' title='bbox 319 1733 337 1771; x_wconf 88' lang='lat' dir='ltr'><strong>a</strong></span> <span class='ocrx_word' id='word_1_85' title='bbox 364 1718 538 1772; x_wconf 90' lang='lat' dir='ltr'><strong>ceterorum</strong></span> <span class='ocrx_word' id='word_1_86' title='bbox 565 1713 779 1792; x_wconf 89' lang='lat' dir='ltr'><strong>theologomm</strong></span> <span class='ocrx_word' id='word_1_87' title='bbox 808 1712 963 1772; x_wconf 87' lang='lat' dir='ltr'><strong>sententia</strong></span> <span class='ocrx_word' id='word_1_88' title='bbox 990 1712 1129 1772; x_wconf 89' lang='lat' dir='ltr'><strong>nonnihil</strong></span> <span class='ocrx_word' id='word_1_89' title='bbox 1163 1712 1372 1788; x_wconf 71' lang='lat' dir='ltr'><strong>discessisset,</strong></span> 
     </span>
     <span class='ocr_line' id='line_1_13' title="bbox 201 1811 1374 1895; baseline 0 -20"><span class='ocrx_word' id='word_1_90' title='bbox 201 1815 343 1875; x_wconf 84' lang='lat' dir='ltr'><strong>acerbam</strong></span> <span class='ocrx_word' id='word_1_91' title='bbox 365 1814 598 1875; x_wconf 89' lang='lat' dir='ltr'><strong>insectationem</strong></span> <span class='ocrx_word' id='word_1_92' title='bbox 622 1815 760 1895; x_wconf 87' lang='lat' dir='ltr'><strong>effugere</strong></span> <span class='ocrx_word' id='word_1_93' title='bbox 782 1833 844 1874; x_wconf 94' lang='lat' dir='ltr'><strong>non</strong></span> <span class='ocrx_word' id='word_1_94' title='bbox 865 1820 974 1895; x_wconf 89' lang='lat' dir='ltr'><strong>posset</strong></span> <span class='ocrx_word' id='word_1_95' title='bbox 996 1811 1044 1890; x_wconf 92' lang='lat'>¹¹).</span> <span class='ocrx_word' id='word_1_96' title='bbox 1080 1813 1190 1874; x_wconf 88' lang='lat' dir='ltr'><strong>Paucis</strong></span> <span class='ocrx_word' id='word_1_97' title='bbox 1211 1833 1287 1876; x_wconf 89' lang='lat' dir='ltr'><strong>saue</strong></span> <span class='ocrx_word' id='word_1_98' title='bbox 1309 1816 1374 1895; x_wconf 87' lang='lat' dir='ltr'><strong>pla-</strong></span> 
     </span>
    </p>
   </div>
   <div class='ocr_carea' id='block_1_3' title="bbox 225 1968 505 1975">
    <p class='ocr_par' dir='ltr' id='par_1_3' title="bbox 225 1968 505 1975">
     <span class='ocr_line' id='line_1_14' title="bbox 225 1968 505 1975; baseline 0.011 -2"><span class='ocrx_word' id='word_1_99' title='bbox 225 1968 505 1975; x_wconf 72' lang='lat'><strong>.-—..--——--—-</strong></span> 
     </span>
    </p>
   </div>
   <div class='ocr_carea' id='block_1_4' title="bbox 201 2068 1377 2661">
    <p class='ocr_par' dir='ltr' id='par_1_4' title="bbox 201 2068 1377 2661">
     <span class='ocr_line' id='line_1_15' title="bbox 201 2068 1376 2155; baseline 0.003 -26"><span class='ocrx_word' id='word_1_100' title='bbox 201 2073 232 2130; x_wconf 81' lang='grc'><strong>0.</strong></span> <span class='ocrx_word' id='word_1_101' title='bbox 247 2069 299 2131; x_wconf 70' lang='lat'><strong>22.</strong></span> <span class='ocrx_word' id='word_1_102' title='bbox 322 2075 395 2143; x_wconf 85' lang='lat' dir='ltr'><strong>(Vct.</strong></span> <span class='ocrx_word' id='word_1_103' title='bbox 412 2074 507 2147; x_wconf 85' lang='lat' dir='ltr'><strong>Test.),</strong></span> <span class='ocrx_word' id='word_1_104' title='bbox 529 2072 561 2130; x_wconf 84' lang='lat' dir='ltr'><strong>ia</strong></span> <span class='ocrx_word' id='word_1_105' title='bbox 583 2092 643 2155; x_wconf 79' lang='lat' dir='ltr'><strong>pato</strong></span> <span class='ocrx_word' id='word_1_106' title='bbox 665 2070 797 2133; x_wconf 81' lang='lat' dir='ltr'><strong>camolia</strong></span> <span class='ocrx_word' id='word_1_107' title='bbox 813 2069 946 2151; x_wconf 72' lang='lat' dir='ltr'><strong>populea</strong></span> <span class='ocrx_word' id='word_1_108' title='bbox 967 2089 1059 2150; x_wconf 78' lang='lat' dir='ltr'><strong>aperta</strong></span> <span class='ocrx_word' id='word_1_109' title='bbox 1081 2076 1205 2130; x_wconf 83' lang='lat' dir='ltr'><strong>veterem</strong></span> <span class='ocrx_word' id='word_1_110' title='bbox 1226 2068 1376 2133; x_wconf 84' lang='lat' dir='ltr'><strong>hominem</strong></span> 
     </span>
     <span class='ocr_line' id='line_1_16' title="bbox 202 2154 1377 2237; baseline 0.003 -22"><span class='ocrx_word' id='word_1_111' title='bbox 202 2158 338 2234; x_wconf 72' lang='lat' dir='ltr'><strong>exceptis</strong></span> <span class='ocrx_word' id='word_1_112' title='bbox 355 2157 466 2235; x_wconf 79' lang='lat' dir='ltr'><strong>paucis</strong></span> <span class='ocrx_word' id='word_1_113' title='bbox 487 2155 715 2237; x_wconf 61' lang='lat' dir='ltr'><strong>intelligentem</strong></span> <span class='ocrx_word' id='word_1_114' title='bbox 732 2155 920 2237; x_wconf 83' lang='lat' dir='ltr'><strong>patriarchis</strong></span> <span class='ocrx_word' id='word_1_115' title='bbox 948 2162 978 2215; x_wconf 87' lang='lat' dir='ltr'><strong>ct</strong></span> <span class='ocrx_word' id='word_1_116' title='bbox 994 2154 1151 2234; x_wconf 77' lang='lat' dir='ltr'><strong>prophetis</strong></span> <span class='ocrx_word' id='word_1_117' title='bbox 1177 2161 1207 2215; x_wconf 92' lang='lat' dir='ltr'><strong>et</strong></span> <span class='ocrx_word' id='word_1_118' title='bbox 1226 2157 1377 2218; x_wconf 64' lang='lat' dir='ltr'><strong>manacta</strong></span> 
     </span>
     <span class='ocr_line' id='line_1_17' title="bbox 202 2238 1377 2320; baseline 0.003 -20"><span class='ocrx_word' id='word_1_119' title='bbox 202 2238 359 2301; x_wconf 78' lang='lat' dir='ltr'><strong>latentibus</strong></span> <span class='ocrx_word' id='word_1_120' title='bbox 380 2242 500 2317; x_wconf 79' lang='lat' dir='ltr'><strong>sanctia,</strong></span> <span class='ocrx_word' id='word_1_121' title='bbox 523 2241 684 2302; x_wconf 82' lang='lat' dir='ltr'><strong>carnaliter</strong></span> <span class='ocrx_word' id='word_1_122' title='bbox 705 2244 806 2301; x_wconf 79' lang='lat' dir='ltr'><strong>cicens</strong></span> <span class='ocrx_word' id='word_1_123' title='bbox 828 2239 964 2300; x_wconf 84' lang='lat' dir='ltr'><strong>carnalia</strong></span> <span class='ocrx_word' id='word_1_124' title='bbox 982 2242 1122 2320; x_wconf 83' lang='lat' dir='ltr'><strong>praemia</strong></span> <span class='ocrx_word' id='word_1_125' title='bbox 1143 2240 1341 2302; x_wconf 78' lang='lat' dir='ltr'><strong>desiderabat</strong></span> <span class='ocrx_word' id='word_1_126' title='bbox 1356 2263 1377 2303; x_wconf 91' lang='lat' dir='ltr'><strong>a</strong></span> 
     </span>
     <span class='ocr_line' id='line_1_18' title="bbox 202 2323 1376 2405; baseline 0.002 -19"><span class='ocrx_word' id='word_1_127' title='bbox 202 2323 335 2387; x_wconf 84' lang='lat' dir='ltr'><strong>Domino</strong></span> <span class='ocrx_word' id='word_1_128' title='bbox 357 2324 434 2395; x_wconf 88' lang='lat' dir='ltr'><strong>Deo,</strong></span> <span class='ocrx_word' id='word_1_129' title='bbox 457 2331 487 2384; x_wconf 88' lang='lat' dir='ltr'><strong>et</strong></span> <span class='ocrx_word' id='word_1_130' title='bbox 505 2327 538 2385; x_wconf 86' lang='lat' dir='ltr'><strong>ia</strong></span> <span class='ocrx_word' id='word_1_131' title='bbox 554 2328 656 2405; x_wconf 67' lang='lat' dir='ltr'><strong>lipara</strong></span> <span class='ocrx_word' id='word_1_132' title='bbox 677 2325 878 2405; x_wconf 77' lang='lat' dir='ltr'><strong>spiritualium</strong></span> <span class='ocrx_word' id='word_1_133' title='bbox 899 2325 1040 2385; x_wconf 81' lang='lat' dir='ltr'><strong>bonorum</strong></span> <span class='ocrx_word' id='word_1_134' title='bbox 1062 2324 1261 2404; x_wconf 81' lang='lat' dir='ltr'><strong>accipiebat“</strong></span> <span class='ocrx_word' id='word_1_135' title='bbox 1276 2361 1319 2372; x_wconf 89' lang='lat'>-</span> <span class='ocrx_word' id='word_1_136' title='bbox 1335 2331 1376 2388; x_wconf 83' lang='lat' dir='ltr'><strong>Gt.</strong></span> 
     </span>
     <span class='ocr_line' id='line_1_19' title="bbox 202 2414 1376 2489; baseline -0.002 -14"><span class='ocrx_word' id='word_1_137' title='bbox 202 2414 327 2489; x_wconf 81' lang='lat' dir='ltr'><strong>insuper,</strong></span> <span class='ocrx_word' id='word_1_138' title='bbox 355 2432 423 2488; x_wconf 85' lang='lat' dir='ltr'><strong>quae</strong></span> <span class='ocrx_word' id='word_1_139' title='bbox 444 2415 611 2486; x_wconf 79' lang='lat' dir='ltr'><strong>Augustinus</strong></span> <span class='ocrx_word' id='word_1_140' title='bbox 637 2416 665 2472; x_wconf 90' lang='lat' dir='ltr'><strong>in</strong></span> <span class='ocrx_word' id='word_1_141' title='bbox 686 2415 756 2471; x_wconf 93' lang='lat' dir='ltr'><strong>libro</strong></span> <span class='ocrx_word' id='word_1_142' title='bbox 786 2432 810 2472; x_wconf 92' lang='lat' dir='ltr'><strong>c.</strong></span> <span class='ocrx_word' id='word_1_143' title='bbox 834 2416 939 2470; x_wconf 83' lang='lat' dir='ltr'><strong>advers.</strong></span> <span class='ocrx_word' id='word_1_144' title='bbox 962 2415 1017 2486; x_wconf 84' lang='lat' dir='ltr'><strong>leg.</strong></span> <span class='ocrx_word' id='word_1_145' title='bbox 1048 2421 1076 2470; x_wconf 88' lang='lat' dir='ltr'><strong>et</strong></span> <span class='ocrx_word' id='word_1_146' title='bbox 1097 2416 1192 2487; x_wconf 90' lang='lat' dir='ltr'><strong>pmph.</strong></span> <span class='ocrx_word' id='word_1_147' title='bbox 1222 2414 1265 2470; x_wconf 90' lang='lat' dir='ltr'><strong>ed.</strong></span> <span class='ocrx_word' id='word_1_148' title='bbox 1289 2415 1376 2489; x_wconf 86' lang='lat' dir='ltr'><strong>Lugd.</strong></span> 
     </span>
     <span class='ocr_line' id='line_1_20' title="bbox 203 2494 1377 2574; baseline 0.002 -19"><span class='ocrx_word' id='word_1_149' title='bbox 203 2501 233 2562; x_wconf 94' lang='lat' dir='ltr'><strong>T.</strong></span> <span class='ocrx_word' id='word_1_150' title='bbox 254 2501 300 2557; x_wconf 90' lang='lat' dir='ltr'><strong>Vl.</strong></span> <span class='ocrx_word' id='word_1_151' title='bbox 323 2520 350 2574; x_wconf 92' lang='lat' dir='ltr'><strong>p.</strong></span> <span class='ocrx_word' id='word_1_152' title='bbox 367 2496 430 2556; x_wconf 76' lang='lat'><strong>250</strong></span> <span class='ocrx_word' id='word_1_153' title='bbox 445 2517 486 2572; x_wconf 89' lang='lat' dir='ltr'><strong>sq.</strong></span> <span class='ocrx_word' id='word_1_154' title='bbox 510 2507 538 2556; x_wconf 88' lang='lat' dir='ltr'><strong>et</strong></span> <span class='ocrx_word' id='word_1_155' title='bbox 559 2500 646 2558; x_wconf 85' lang='lat' dir='ltr'><strong>doctr.</strong></span> <span class='ocrx_word' id='word_1_156' title='bbox 669 2500 760 2557; x_wconf 81' lang='lat' dir='ltr'><strong>christ.</strong></span> <span class='ocrx_word' id='word_1_157' title='bbox 783 2500 812 2556; x_wconf 87' lang='lat' dir='ltr'><strong>L.</strong></span> <span class='ocrx_word' id='word_1_158' title='bbox 835 2501 879 2557; x_wconf 91' lang='lat' dir='ltr'><strong>lll.</strong></span> <span class='ocrx_word' id='word_1_159' title='bbox 903 2500 967 2573; x_wconf 82' lang='lat' dir='ltr'><strong>Cap.</strong></span> <span class='ocrx_word' id='word_1_160' title='bbox 990 2495 1020 2555; x_wconf 88' lang='grc'><strong>6.</strong></span> <span class='ocrx_word' id='word_1_161' title='bbox 1044 2496 1096 2569; x_wconf 85' lang='lat' dir='ltr'><strong>(de</strong></span> <span class='ocrx_word' id='word_1_162' title='bbox 1115 2494 1300 2556; x_wconf 72' lang='lat' dir='ltr'><strong>ludaeorum</strong></span> <span class='ocrx_word' id='word_1_163' title='bbox 1316 2517 1377 2557; x_wconf 80' lang='lat' dir='ltr'><strong>aar·</strong></span> 
     </span>
     <span class='ocr_line' id='line_1_21' title="bbox 201 2580 793 2661; baseline 0.002 -20"><span class='ocrx_word' id='word_1_164' title='bbox 201 2582 293 2642; x_wconf 72' lang='lat' dir='ltr'><strong>siaa</strong></span> <span class='ocrx_word' id='word_1_165' title='bbox 312 2581 366 2642; x_wconf 78' lang='lat' dir='ltr'><strong>sub</strong></span> <span class='ocrx_word' id='word_1_166' title='bbox 387 2582 482 2661; x_wconf 71' lang='lat' dir='ltr'><strong>signia</strong></span> <span class='ocrx_word' id='word_1_167' title='bbox 502 2580 634 2660; x_wconf 73' lang='lat' dir='ltr'><strong>nuttam)</strong></span> <span class='ocrx_word' id='word_1_168' title='bbox 657 2585 793 2642; x_wconf 85' lang='lat' dir='ltr'><strong>disseruit.</strong></span> 
     </span>
    </p>
   </div>
   <div class='ocr_carea' id='block_1_5' title="bbox 203 2700 1378 2954">
    <p class='ocr_par' dir='ltr' id='par_1_5' title="bbox 203 2700 1378 2954">
     <span class='ocr_line' id='line_1_22' title="bbox 288 2700 1378 2778; baseline 0.002 -16"><span class='ocrx_word' id='word_1_169' title='bbox 288 2702 319 2778; x_wconf 89' lang='lat'><strong>8)</strong></span> <span class='ocrx_word' id='word_1_170' title='bbox 341 2705 403 2762; x_wconf 83' lang='lat' dir='ltr'><strong>vid.</strong></span> <span class='ocrx_word' id='word_1_171' title='bbox 426 2705 562 2763; x_wconf 83' lang='lat' dir='ltr'><strong>Gateoh.</strong></span> <span class='ocrx_word' id='word_1_172' title='bbox 585 2707 706 2762; x_wconf 87' lang='lat' dir='ltr'><strong>Racov.</strong></span> <span class='ocrx_word' id='word_1_173' title='bbox 729 2712 781 2778; x_wconf 84' lang='lat' dir='ltr'><strong>qst.</strong></span> <span class='ocrx_word' id='word_1_174' title='bbox 805 2700 893 2776; x_wconf 61' lang='lat'><strong>354„</strong></span> <span class='ocrx_word' id='word_1_175' title='bbox 923 2712 1039 2777; x_wconf 84' lang='lat' dir='ltr'><strong>atquae</strong></span> <span class='ocrx_word' id='word_1_176' title='bbox 1062 2703 1174 2761; x_wconf 87' lang='lat' dir='ltr'><strong>Oeder</strong></span> <span class='ocrx_word' id='word_1_177' title='bbox 1200 2704 1282 2762; x_wconf 89' lang='lat' dir='ltr'><strong>adh.</strong></span> <span class='ocrx_word' id='word_1_178' title='bbox 1305 2706 1327 2762; x_wconf 84' lang='lat' dir='ltr'><strong>l.</strong></span> <span class='ocrx_word' id='word_1_179' title='bbox 1350 2714 1378 2764; x_wconf 87' lang='lat' dir='ltr'><strong>et</strong></span> 
     </span>
     <span class='ocr_line' id='line_1_23' title="bbox 203 2786 1377 2864; baseline 0.002 -17"><span class='ocrx_word' id='word_1_180' title='bbox 203 2791 220 2847; x_wconf 88' lang='lat' dir='ltr'>J</span> <span class='ocrx_word' id='word_1_181' title='bbox 227 2793 276 2849; x_wconf 91' lang='lat' dir='ltr'><strong>oh.</strong></span> <span class='ocrx_word' id='word_1_182' title='bbox 300 2790 453 2847; x_wconf 87' lang='lat' dir='ltr'><strong>Gerhard</strong></span> <span class='ocrx_word' id='word_1_183' title='bbox 480 2791 507 2846; x_wconf 91' lang='lat' dir='ltr'><strong>iu</strong></span> <span class='ocrx_word' id='word_1_184' title='bbox 529 2791 582 2848; x_wconf 92' lang='lat' dir='ltr'><strong>loc.</strong></span> <span class='ocrx_word' id='word_1_185' title='bbox 605 2792 689 2848; x_wconf 89' lang='lat' dir='ltr'><strong>theol.</strong></span> <span class='ocrx_word' id='word_1_186' title='bbox 713 2792 756 2846; x_wconf 89' lang='lat' dir='ltr'><strong>ed.</strong></span> <span class='ocrx_word' id='word_1_187' title='bbox 780 2790 850 2847; x_wconf 84' lang='lat' dir='ltr'><strong>Cott.</strong></span> <span class='ocrx_word' id='word_1_188' title='bbox 873 2792 904 2846; x_wconf 88' lang='grc' dir='ltr'><strong>Τ.</strong></span> <span class='ocrx_word' id='word_1_189' title='bbox 926 2791 984 2847; x_wconf 96' lang='lat' dir='ltr'><strong>XX.</strong></span> <span class='ocrx_word' id='word_1_190' title='bbox 1007 2808 1035 2864; x_wconf 90' lang='lat' dir='ltr'><strong>p.</strong></span> <span class='ocrx_word' id='word_1_191' title='bbox 1058 2786 1121 2847; x_wconf 81' lang='lat'><strong>330</strong></span> <span class='ocrx_word' id='word_1_192' title='bbox 1142 2807 1201 2864; x_wconf 90' lang='lat' dir='ltr'><strong>sqq.</strong></span> <span class='ocrx_word' id='word_1_193' title='bbox 1231 2808 1266 2847; x_wconf 87' lang='lat' dir='ltr'><strong>ex</strong></span> <span class='ocrx_word' id='word_1_194' title='bbox 1286 2792 1377 2849; x_wconf 86' lang='lat' dir='ltr'><strong>Fausti</strong></span> 
     </span>
     <span class='ocr_line' id='line_1_24' title="bbox 203 2876 828 2954; baseline -0.003 -21"><span class='ocrx_word' id='word_1_195' title='bbox 203 2876 295 2934; x_wconf 84' lang='lat' dir='ltr'><strong>Socini</strong></span> <span class='ocrx_word' id='word_1_196' title='bbox 317 2884 346 2933; x_wconf 88' lang='lat' dir='ltr'><strong>et</strong></span> <span class='ocrx_word' id='word_1_197' title='bbox 366 2876 506 2932; x_wconf 85' lang='lat' dir='ltr'><strong>Schmalaii</strong></span> <span class='ocrx_word' id='word_1_198' title='bbox 526 2876 602 2954; x_wconf 81' lang='lat' dir='ltr'><strong>libris</strong></span> <span class='ocrx_word' id='word_1_199' title='bbox 625 2883 828 2948; x_wconf 85' lang='lat' dir='ltr'><strong>congessemnt.</strong></span> 
     </span>
    </p>
   </div>
   <div class='ocr_carea' id='block_1_6' title="bbox 203 2991 1378 3667">
    <p class='ocr_par' dir='ltr' id='par_1_6' title="bbox 203 2991 1378 3667">
     <span class='ocr_line' id='line_1_25' title="bbox 290 2991 1373 3069; baseline -0.002 -17"><span class='ocrx_word' id='word_1_200' title='bbox 290 2991 321 3069; x_wconf 81' lang='lat'><strong>9)</strong></span> <span class='ocrx_word' id='word_1_201' title='bbox 345 2995 423 3062; x_wconf 84' lang='lat' dir='ltr'><strong>Quod</strong></span> <span class='ocrx_word' id='word_1_202' title='bbox 443 2996 599 3069; x_wconf 87' lang='lat' dir='ltr'><strong>praesertim</strong></span> <span class='ocrx_word' id='word_1_203' title='bbox 627 2997 770 3051; x_wconf 86' lang='lat' dir='ltr'><strong>Thomas</strong></span> <span class='ocrx_word' id='word_1_204' title='bbox 797 2994 997 3066; x_wconf 87' lang='lat' dir='ltr'><strong>llorganius</strong></span> <span class='ocrx_word' id='word_1_205' title='bbox 1023 2992 1089 3050; x_wconf 84' lang='lat' dir='ltr'><strong>iecit</strong></span> <span class='ocrx_word' id='word_1_206' title='bbox 1118 2993 1190 3058; x_wconf 86' lang='lat' dir='ltr'><strong>(vid.</strong></span> <span class='ocrx_word' id='word_1_207' title='bbox 1218 2994 1373 3066; x_wconf 87' lang='lat' dir='ltr'><strong>Lecbler‚</strong></span> 
     </span>
     <span class='ocr_line' id='line_1_26' title="bbox 204 3075 1373 3155; baseline -0.004 -17"><span class='ocrx_word' id='word_1_208' title='bbox 204 3080 302 3138; x_wconf 84' lang='lat' dir='ltr'><strong>Gesch.</strong></span> <span class='ocrx_word' id='word_1_209' title='bbox 326 3081 375 3136; x_wconf 89' lang='lat' dir='ltr'><strong>des</strong></span> <span class='ocrx_word' id='word_1_210' title='bbox 397 3081 469 3153; x_wconf 85' lang='lat' dir='ltr'><strong>engl.</strong></span> <span class='ocrx_word' id='word_1_211' title='bbox 491 3081 614 3138; x_wconf 88' lang='lat' dir='ltr'><strong>Deismus</strong></span> <span class='ocrx_word' id='word_1_212' title='bbox 635 3099 663 3155; x_wconf 93' lang='lat' dir='ltr'><strong>p.</strong></span> <span class='ocrx_word' id='word_1_213' title='bbox 686 3075 771 3153; x_wconf 80' lang='lat'><strong>376.)</strong></span> <span class='ocrx_word' id='word_1_214' title='bbox 795 3111 835 3121; x_wconf 90' lang='lat'><em>-</em></span> <span class='ocrx_word' id='word_1_215' title='bbox 858 3081 1007 3137; x_wconf 82' lang='lat' dir='ltr'><strong>beistarum</strong></span> <span class='ocrx_word' id='word_1_216' title='bbox 1030 3079 1186 3135; x_wconf 88' lang='lat' dir='ltr'><strong>sententiam</strong></span> <span class='ocrx_word' id='word_1_217' title='bbox 1208 3086 1300 3154; x_wconf 89' lang='lat' dir='ltr'><strong>postea</strong></span> <span class='ocrx_word' id='word_1_218' title='bbox 1322 3096 1373 3134; x_wconf 89' lang='lat' dir='ltr'><strong>se-</strong></span> 
     </span>
     <span class='ocr_line' id='line_1_27' title="bbox 204 3161 1368 3238; baseline -0.009 -16"><span class='ocrx_word' id='word_1_219' title='bbox 204 3173 281 3223; x_wconf 90' lang='lat' dir='ltr'><strong>cutus</strong></span> <span class='ocrx_word' id='word_1_220' title='bbox 303 3173 346 3222; x_wconf 89' lang='lat' dir='ltr'><strong>est</strong></span> <span class='ocrx_word' id='word_1_221' title='bbox 365 3165 468 3238; x_wconf 88' lang='lat' dir='ltr'><strong>Kaut,</strong></span> <span class='ocrx_word' id='word_1_222' title='bbox 497 3167 541 3238; x_wconf 89' lang='lat' dir='ltr'><strong>qui</strong></span> <span class='ocrx_word' id='word_1_223' title='bbox 564 3167 657 3222; x_wconf 90' lang='lat' dir='ltr'><strong>eadem</strong></span> <span class='ocrx_word' id='word_1_224' title='bbox 684 3165 787 3222; x_wconf 89' lang='lat' dir='ltr'><strong>ratione</strong></span> <span class='ocrx_word' id='word_1_225' title='bbox 818 3166 913 3222; x_wconf 91' lang='lat' dir='ltr'><strong>ductus</strong></span> <span class='ocrx_word' id='word_1_226' title='bbox 934 3165 1075 3222; x_wconf 88' lang='lat' dir='ltr'><strong>llosaioam</strong></span> <span class='ocrx_word' id='word_1_227' title='bbox 1104 3166 1237 3222; x_wconf 87' lang='lat' dir='ltr'><strong>civitatem</strong></span> <span class='ocrx_word' id='word_1_228' title='bbox 1264 3161 1368 3216; x_wconf 86' lang='lat' dir='ltr'><strong>omuino</strong></span> 
     </span>
     <span class='ocr_line' id='line_1_28' title="bbox 204 3243 1370 3324; baseline -0.009 -16"><span class='ocrx_word' id='word_1_229' title='bbox 204 3251 276 3308; x_wconf 90' lang='lat' dir='ltr'><strong>omui</strong></span> <span class='ocrx_word' id='word_1_230' title='bbox 298 3250 437 3323; x_wconf 85' lang='lat' dir='ltr'><strong>religionis</strong></span> <span class='ocrx_word' id='word_1_231' title='bbox 460 3252 628 3307; x_wconf 87' lang='lat' dir='ltr'><strong>fundamento</strong></span> <span class='ocrx_word' id='word_1_232' title='bbox 651 3266 742 3323; x_wconf 79' lang='lat' dir='ltr'><strong>carere</strong></span> <span class='ocrx_word' id='word_1_233' title='bbox 764 3252 901 3307; x_wconf 85' lang='lat' dir='ltr'><strong>censebat.</strong></span> <span class='ocrx_word' id='word_1_234' title='bbox 936 3251 997 3307; x_wconf 88' lang='lat' dir='ltr'><strong>Vid.</strong></span> <span class='ocrx_word' id='word_1_235' title='bbox 1020 3251 1106 3324; x_wconf 87' lang='lat' dir='ltr'><strong>Relig.</strong></span> <span class='ocrx_word' id='word_1_236' title='bbox 1124 3250 1222 3307; x_wconf 88' lang='lat' dir='ltr'><strong>innerh.</strong></span> <span class='ocrx_word' id='word_1_237' title='bbox 1238 3245 1264 3301; x_wconf 87' lang='lat' dir='ltr'><strong>d.</strong></span> <span class='ocrx_word' id='word_1_238' title='bbox 1281 3243 1370 3300; x_wconf 86' lang='lat' dir='ltr'><strong>Greu-</strong></span> 
     </span>
     <span class='ocr_line' id='line_1_29' title="bbox 204 3325 1373 3408; baseline -0.005 -16"><span class='ocrx_word' id='word_1_239' title='bbox 204 3353 255 3393; x_wconf 85' lang='lat' dir='ltr'><strong>aen</strong></span> <span class='ocrx_word' id='word_1_240' title='bbox 276 3335 325 3392; x_wconf 91' lang='lat' dir='ltr'><strong>der</strong></span> <span class='ocrx_word' id='word_1_241' title='bbox 345 3337 382 3392; x_wconf 91' lang='lat' dir='ltr'><strong>bl.</strong></span> <span class='ocrx_word' id='word_1_242' title='bbox 405 3335 486 3390; x_wconf 88' lang='lat' dir='ltr'><strong>Vem.</strong></span> <span class='ocrx_word' id='word_1_243' title='bbox 514 3336 578 3404; x_wconf 93' lang='lat' dir='ltr'><strong>(ed.</strong></span> <span class='ocrx_word' id='word_1_244' title='bbox 603 3326 703 3408; x_wconf 79' lang='lat'>1793)</span> <span class='ocrx_word' id='word_1_245' title='bbox 729 3353 756 3407; x_wconf 88' lang='lat' dir='ltr'><strong>p.</strong></span> <span class='ocrx_word' id='word_1_246' title='bbox 782 3331 859 3392; x_wconf 82' lang='lat'>178:</span> <span class='ocrx_word' id='word_1_247' title='bbox 902 3330 980 3407; x_wconf 81' lang='lat' dir='ltr'><strong>„Da</strong></span> <span class='ocrx_word' id='word_1_248' title='bbox 1001 3330 1078 3392; x_wconf 81' lang='lat' dir='ltr'><strong>ohne</strong></span> <span class='ocrx_word' id='word_1_249' title='bbox 1103 3329 1235 3393; x_wconf 82' lang='lat' dir='ltr'><strong>Glauben</strong></span> <span class='ocrx_word' id='word_1_250' title='bbox 1262 3344 1302 3386; x_wconf 82' lang='lat' dir='ltr'><strong>aa</strong></span> <span class='ocrx_word' id='word_1_251' title='bbox 1323 3325 1373 3383; x_wconf 77' lang='lat' dir='ltr'><strong>eiu</strong></span> 
     </span>
     <span class='ocr_line' id='line_1_30' title="bbox 204 3414 1375 3498; baseline -0.005 -21"><span class='ocrx_word' id='word_1_252' title='bbox 204 3415 357 3497; x_wconf 76' lang='lat' dir='ltr'><strong>kziaftipes</strong></span> <span class='ocrx_word' id='word_1_253' title='bbox 378 3415 480 3476; x_wconf 84' lang='lat' dir='ltr'><strong>Laden</strong></span> <span class='ocrx_word' id='word_1_254' title='bbox 499 3436 558 3496; x_wconf 72' lang='lat' dir='ltr'><strong>par</strong></span> <span class='ocrx_word' id='word_1_255' title='bbox 579 3415 666 3475; x_wconf 77' lang='lat' dir='ltr'><strong>laiac</strong></span> <span class='ocrx_word' id='word_1_256' title='bbox 686 3414 828 3495; x_wconf 68' lang='lat' dir='ltr'><strong>Religion</strong></span> <span class='ocrx_word' id='word_1_257' title='bbox 848 3416 983 3498; x_wconf 72' lang='lat' dir='ltr'><strong>pedacht</strong></span> <span class='ocrx_word' id='word_1_258' title='bbox 1002 3419 1122 3478; x_wconf 73' lang='lat' dir='ltr'><strong>eamden</strong></span> <span class='ocrx_word' id='word_1_259' title='bbox 1142 3419 1237 3484; x_wconf 81' lang='lat' dir='ltr'><strong>kann,</strong></span> <span class='ocrx_word' id='word_1_260' title='bbox 1260 3430 1293 3473; x_wconf 82' lang='lat' dir='ltr'><strong>eo</strong></span> <span class='ocrx_word' id='word_1_261' title='bbox 1315 3415 1375 3469; x_wconf 79' lang='lat' dir='ltr'><strong>ent·</strong></span> 
     </span>
     <span class='ocr_line' id='line_1_31' title="bbox 203 3499 1378 3580; baseline -0.007 -18"><span class='ocrx_word' id='word_1_262' title='bbox 203 3501 271 3562; x_wconf 79' lang='lat' dir='ltr'><strong>tata</strong></span> <span class='ocrx_word' id='word_1_263' title='bbox 289 3502 346 3561; x_wconf 81' lang='lat' dir='ltr'><strong>ctas</strong></span> <span class='ocrx_word' id='word_1_264' title='bbox 366 3499 548 3561; x_wconf 71' lang='lat' dir='ltr'><strong>ludendum</strong></span> <span class='ocrx_word' id='word_1_265' title='bbox 569 3499 614 3561; x_wconf 81' lang='lat' dir='ltr'><strong>als</strong></span> <span class='ocrx_word' id='word_1_266' title='bbox 635 3502 684 3560; x_wconf 85' lang='lat' dir='ltr'><strong>ein</strong></span> <span class='ocrx_word' id='word_1_267' title='bbox 705 3500 820 3562; x_wconf 79' lang='lat' dir='ltr'><strong>solebas</strong></span> <span class='ocrx_word' id='word_1_268' title='bbox 841 3504 873 3562; x_wconf 85' lang='lat' dir='ltr'><strong>ia</strong></span> <span class='ocrx_word' id='word_1_269' title='bbox 893 3504 992 3564; x_wconf 73' lang='lat' dir='ltr'><strong>seiher</strong></span> <span class='ocrx_word' id='word_1_270' title='bbox 1011 3501 1187 3580; x_wconf 77' lang='lat' dir='ltr'><strong>Reiatyleeit</strong></span> <span class='ocrx_word' id='word_1_271' title='bbox 1202 3513 1378 3574; x_wconf 68' lang='lat' dir='ltr'><strong>gencmmea</strong></span> 
     </span>
     <span class='ocr_line' id='line_1_32' title="bbox 203 3583 724 3667; baseline -0.004 -20"><span class='ocrx_word' id='word_1_272' title='bbox 203 3606 263 3667; x_wconf 75' lang='lat' dir='ltr'><strong>gar</strong></span> <span class='ocrx_word' id='word_1_273' title='bbox 282 3586 390 3646; x_wconf 79' lang='lat' dir='ltr'><strong>hainen</strong></span> <span class='ocrx_word' id='word_1_274' title='bbox 410 3583 724 3666; x_wconf 66' lang='lat' dir='ltr'><strong>Religionsplauden.“</strong></span> 
     </span>
    </p>
   </div>
   <div class='ocr_carea' id='block_1_7' title="bbox 205 3695 1377 4042">
    <p class='ocr_par' dir='ltr' id='par_1_7' title="bbox 205 3695 1377 4042">
     <span class='ocr_line' id='line_1_33' title="bbox 291 3695 1377 3783; baseline -0.008 -18"><span class='ocrx_word' id='word_1_275' title='bbox 291 3702 345 3778; x_wconf 81' lang='grc'><strong>10)</strong></span> <span class='ocrx_word' id='word_1_276' title='bbox 368 3709 409 3764; x_wconf 87' lang='lat' dir='ltr'><strong>Gi.</strong></span> <span class='ocrx_word' id='word_1_277' title='bbox 433 3725 459 3765; x_wconf 92' lang='lat' dir='ltr'><strong>e.</strong></span> <span class='ocrx_word' id='word_1_278' title='bbox 474 3727 504 3783; x_wconf 86' lang='lat' dir='ltr'><strong>g.</strong></span> <span class='ocrx_word' id='word_1_279' title='bbox 526 3707 658 3766; x_wconf 81' lang='lat' dir='ltr'><strong>(ialviui</strong></span> <span class='ocrx_word' id='word_1_280' title='bbox 679 3708 742 3765; x_wconf 89' lang='lat' dir='ltr'><strong>inst.</strong></span> <span class='ocrx_word' id='word_1_281' title='bbox 764 3711 814 3766; x_wconf 90' lang='lat' dir='ltr'><strong>rel.</strong></span> <span class='ocrx_word' id='word_1_282' title='bbox 838 3711 893 3764; x_wconf 90' lang='lat' dir='ltr'><strong>chr.</strong></span> <span class='ocrx_word' id='word_1_283' title='bbox 915 3707 949 3775; x_wconf 88' lang='lat' dir='ltr'><strong>ll,</strong></span> <span class='ocrx_word' id='word_1_284' title='bbox 967 3699 1027 3773; x_wconf 77' lang='lat' dir='ltr'><strong>lo,</strong></span> <span class='ocrx_word' id='word_1_285' title='bbox 1049 3700 1095 3756; x_wconf 92' lang='lat' dir='ltr'><strong>ubi</strong></span> <span class='ocrx_word' id='word_1_286' title='bbox 1116 3695 1244 3754; x_wconf 88' lang='lat' dir='ltr'><strong>acerrime</strong></span> <span class='ocrx_word' id='word_1_287' title='bbox 1266 3695 1377 3756; x_wconf 87' lang='lat' dir='ltr'><strong>invehi-</strong></span> 
     </span>
     <span class='ocr_line' id='line_1_34' title="bbox 206 3775 1377 3869; baseline -0.008 -18"><span class='ocrx_word' id='word_1_288' title='bbox 206 3802 250 3851; x_wconf 90' lang='lat' dir='ltr'><strong>tur</strong></span> <span class='ocrx_word' id='word_1_289' title='bbox 270 3793 299 3849; x_wconf 92' lang='lat' dir='ltr'><strong>iu</strong></span> <span class='ocrx_word' id='word_1_290' title='bbox 320 3787 492 3850; x_wconf 66' lang='lat' dir='ltr'><strong>uaedam</strong></span> <span class='ocrx_word' id='word_1_291' title='bbox 505 3789 657 3850; x_wconf 65' lang='lat' dir='ltr'><strong>sacceam</strong></span> <span class='ocrx_word' id='word_1_292' title='bbox 679 3797 709 3850; x_wconf 87' lang='lat' dir='ltr'><strong>ct</strong></span> <span class='ocrx_word' id='word_1_293' title='bbox 725 3792 860 3869; x_wconf 78' lang='lat' dir='ltr'><strong>furiosos</strong></span> <span class='ocrx_word' id='word_1_294' title='bbox 880 3780 1035 3845; x_wconf 80' lang='lat' dir='ltr'><strong>aeoaaullos</strong></span> <span class='ocrx_word' id='word_1_295' title='bbox 1057 3799 1097 3838; x_wconf 71' lang='lat' dir='ltr'><strong>ecc</strong></span> <span class='ocrx_word' id='word_1_296' title='bbox 1111 3775 1377 3856; x_wconf 83' lang='lat' dir='ltr'><strong>Aaudaptistaram</strong></span> 
     </span>
     <span class='ocr_line' id='line_1_35' title="bbox 205 3863 1375 3951; baseline -0.008 -16"><span class='ocrx_word' id='word_1_297' title='bbox 205 3881 296 3950; x_wconf 84' lang='lat' dir='ltr'><strong>secta,</strong></span> <span class='ocrx_word' id='word_1_298' title='bbox 321 3895 388 3950; x_wconf 89' lang='lat' dir='ltr'><strong>quos</strong></span> <span class='ocrx_word' id='word_1_299' title='bbox 409 3894 463 3935; x_wconf 91' lang='lat' dir='ltr'><strong>nou</strong></span> <span class='ocrx_word' id='word_1_300' title='bbox 484 3879 561 3936; x_wconf 88' lang='lat' dir='ltr'><strong>aliter</strong></span> <span class='ocrx_word' id='word_1_301' title='bbox 581 3880 615 3935; x_wconf 91' lang='lat' dir='ltr'><strong>de</strong></span> <span class='ocrx_word' id='word_1_302' title='bbox 636 3880 784 3936; x_wconf 75' lang='lat' dir='ltr'><strong>israelitico</strong></span> <span class='ocrx_word' id='word_1_303' title='bbox 807 3875 906 3951; x_wconf 92' lang='lat' dir='ltr'><strong>populo</strong></span> <span class='ocrx_word' id='word_1_304' title='bbox 929 3870 1028 3928; x_wconf 88' lang='lat' dir='ltr'><strong>sentire</strong></span> <span class='ocrx_word' id='word_1_305' title='bbox 1051 3866 1125 3938; x_wconf 87' lang='lat' dir='ltr'><strong>dicit,</strong></span> <span class='ocrx_word' id='word_1_306' title='bbox 1149 3882 1238 3943; x_wconf 83' lang='lat' dir='ltr'><strong>qaam</strong></span> <span class='ocrx_word' id='word_1_307' title='bbox 1260 3863 1300 3922; x_wconf 86' lang='lat' dir='ltr'><strong>de</strong></span> <span class='ocrx_word' id='word_1_308' title='bbox 1320 3865 1375 3926; x_wconf 86' lang='lat' dir='ltr'><strong>ali·</strong></span> 
     </span>
     <span class='ocr_line' id='line_1_36' title="bbox 206 3946 1376 4042; baseline -0.006 -22"><span class='ocrx_word' id='word_1_309' title='bbox 206 3980 265 4041; x_wconf 82' lang='lat' dir='ltr'><strong>pao</strong></span> <span class='ocrx_word' id='word_1_310' title='bbox 277 3979 439 4040; x_wconf 82' lang='lat' dir='ltr'><strong>porcorum</strong></span> <span class='ocrx_word' id='word_1_311' title='bbox 452 3980 553 4040; x_wconf 69' lang='lat' dir='ltr'><strong>grege,</strong></span> <span class='ocrx_word' id='word_1_312' title='bbox 574 3967 676 4040; x_wconf 85' lang='lat' dir='ltr'><strong>utpote</strong></span> <span class='ocrx_word' id='word_1_313' title='bbox 698 3978 785 4042; x_wconf 82' lang='lat' dir='ltr'><strong>quem</strong></span> <span class='ocrx_word' id='word_1_314' title='bbox 806 3959 953 4036; x_wconf 68' lang='lat' dir='ltr'><strong>nugentur</strong></span> <span class='ocrx_word' id='word_1_315' title='bbox 974 3970 993 4009; x_wconf 89' lang='lat' dir='ltr'><strong>a</strong></span> <span class='ocrx_word' id='word_1_316' title='bbox 1008 3946 1139 4007; x_wconf 86' lang='lat' dir='ltr'><strong>Domino</strong></span> <span class='ocrx_word' id='word_1_317' title='bbox 1161 3948 1192 4007; x_wconf 85' lang='lat' dir='ltr'><strong>in</strong></span> <span class='ocrx_word' id='word_1_318' title='bbox 1213 3946 1273 4008; x_wconf 85' lang='lat' dir='ltr'><strong>bac</strong></span> <span class='ocrx_word' id='word_1_319' title='bbox 1294 3955 1376 4013; x_wconf 83' lang='lat' dir='ltr'><strong>terra</strong></span> 
     </span>
    </p>
   </div>
   <div class='ocr_carea' id='block_1_8' title="bbox 206 4031 1376 4219">
    <p class='ocr_par' dir='ltr' id='par_1_8' title="bbox 206 4031 1376 4219">
     <span class='ocr_line' id='line_1_37' title="bbox 206 4031 1376 4126; baseline -0.008 -21"><span class='ocrx_word' id='word_1_320' title='bbox 206 4046 378 4124; x_wconf 72' lang='lat' dir='ltr'><strong>supinatum</strong></span> <span class='ocrx_word' id='word_1_321' title='bbox 399 4046 476 4105; x_wconf 83' lang='lat' dir='ltr'><strong>eitra</strong></span> <span class='ocrx_word' id='word_1_322' title='bbox 498 4066 580 4126; x_wconf 81' lang='lat' dir='ltr'><strong>spem</strong></span> <span class='ocrx_word' id='word_1_323' title='bbox 601 4044 692 4105; x_wconf 82' lang='lat' dir='ltr'><strong>allam</strong></span> <span class='ocrx_word' id='word_1_324' title='bbox 714 4040 848 4104; x_wconf 79' lang='lat' dir='ltr'><strong>coelestis</strong></span> <span class='ocrx_word' id='word_1_325' title='bbox 869 4031 1106 4098; x_wconf 77' lang='lat' dir='ltr'><strong>immortalitatis.</strong></span> <span class='ocrx_word' id='word_1_326' title='bbox 1128 4069 1171 4078; x_wconf 96' lang='lat'><strong>—</strong></span> <span class='ocrx_word' id='word_1_327' title='bbox 1198 4038 1215 4095; x_wconf 86' lang='lat' dir='ltr'>J</span> <span class='ocrx_word' id='word_1_328' title='bbox 1221 4039 1271 4093; x_wconf 92' lang='lat' dir='ltr'><strong>oh.</strong></span> <span class='ocrx_word' id='word_1_329' title='bbox 1294 4036 1376 4097; x_wconf 86' lang='lat' dir='ltr'><strong>Ger-</strong></span> 
     </span>
     <span class='ocr_line' id='line_1_38' title="bbox 207 4120 1376 4219; baseline -0.009 -29"><span class='ocrx_word' id='word_1_330' title='bbox 207 4134 290 4190; x_wconf 90' lang='lat' dir='ltr'><strong>hard</strong></span> <span class='ocrx_word' id='word_1_331' title='bbox 311 4133 365 4190; x_wconf 91' lang='lat' dir='ltr'><strong>loc.</strong></span> <span class='ocrx_word' id='word_1_332' title='bbox 388 4135 470 4191; x_wconf 90' lang='lat' dir='ltr'><strong>theol.</strong></span> <span class='ocrx_word' id='word_1_333' title='bbox 492 4137 522 4192; x_wconf 89' lang='lat' dir='ltr'><strong>T.</strong></span> <span class='ocrx_word' id='word_1_334' title='bbox 544 4135 604 4192; x_wconf 94' lang='lat' dir='ltr'><strong>XX.</strong></span> <span class='ocrx_word' id='word_1_335' title='bbox 626 4152 654 4208; x_wconf 91' lang='lat' dir='ltr'><strong>p.</strong></span> <span class='ocrx_word' id='word_1_336' title='bbox 671 4127 734 4189; x_wconf 71' lang='lat'><strong>298</strong></span> <span class='ocrx_word' id='word_1_337' title='bbox 749 4147 791 4201; x_wconf 85' lang='lat' dir='ltr'><strong>sq.</strong></span> <span class='ocrx_word' id='word_1_338' title='bbox 814 4135 842 4184; x_wconf 88' lang='lat' dir='ltr'><strong>et</strong></span> <span class='ocrx_word' id='word_1_339' title='bbox 862 4120 925 4182; x_wconf 84' lang='lat'><strong>330</strong></span> <span class='ocrx_word' id='word_1_340' title='bbox 940 4140 991 4194; x_wconf 88' lang='lat' dir='ltr'><strong>sq.,</strong></span> <span class='ocrx_word' id='word_1_341' title='bbox 1015 4122 1127 4181; x_wconf 92' lang='lat' dir='ltr'><strong>0eder</strong></span> <span class='ocrx_word' id='word_1_342' title='bbox 1148 4123 1181 4181; x_wconf 89' lang='lat' dir='ltr'><strong>ad</strong></span> <span class='ocrx_word' id='word_1_343' title='bbox 1196 4122 1303 4180; x_wconf 76' lang='lat' dir='ltr'><strong>catech.</strong></span> <span class='ocrx_word' id='word_1_344' title='bbox 1319 4123 1376 4219; x_wconf 61' lang='lat'><strong>¹³³?</strong></span> 
     </span>
    </p>
   </div>
   <div class='ocr_carea' id='block_1_9' title="bbox 206 4213 458 4293">
    <p class='ocr_par' dir='ltr' id='par_1_9' title="bbox 206 4213 458 4293">
     <span class='ocr_line' id='line_1_39' title="bbox 206 4213 458 4293; baseline 0 -17"><span class='ocrx_word' id='word_1_345' title='bbox 206 4213 458 4293; x_wconf 56' lang='lat' dir='ltr'><strong>mpfflm</strong></span> 
     </span>
    </p>
   </div>
   <div class='ocr_carea' id='block_1_10' title="bbox 200 4327 1378 4662">
    <p class='ocr_par' dir='ltr' id='par_1_10' title="bbox 200 4327 1378 4662">
     <span class='ocr_line' id='line_1_40' title="bbox 293 4327 1378 4411; baseline -0.006 -18"><span class='ocrx_word' id='word_1_346' title='bbox 293 4332 347 4411; x_wconf 90' lang='lat' dir='ltr'><strong>ll)</strong></span> <span class='ocrx_word' id='word_1_347' title='bbox 369 4337 544 4410; x_wconf 74' lang='lat' dir='ltr'><strong>Cocceius</strong></span> <span class='ocrx_word' id='word_1_348' title='bbox 565 4335 702 4402; x_wconf 86' lang='lat' dir='ltr'><strong>docuerat,</strong></span> <span class='ocrx_word' id='word_1_349' title='bbox 724 4330 752 4386; x_wconf 89' lang='lat' dir='ltr'><strong>iu</strong></span> <span class='ocrx_word' id='word_1_350' title='bbox 773 4327 929 4403; x_wconf 82' lang='lat' dir='ltr'><strong>patriarchis</strong></span> <span class='ocrx_word' id='word_1_351' title='bbox 951 4327 1056 4400; x_wconf 89' lang='lat' dir='ltr'><strong>quidem</strong></span> <span class='ocrx_word' id='word_1_352' title='bbox 1077 4332 1199 4384; x_wconf 89' lang='lat' dir='ltr'><strong>aeternae</strong></span> <span class='ocrx_word' id='word_1_353' title='bbox 1213 4327 1284 4383; x_wconf 88' lang='lat' dir='ltr'><strong>vitae</strong></span> <span class='ocrx_word' id='word_1_354' title='bbox 1299 4343 1378 4399; x_wconf 90' lang='lat' dir='ltr'><strong>spem</strong></span> 
     </span>
     <span class='ocr_line' id='line_1_41' title="bbox 200 4408 1378 4495; baseline -0.007 -17"><span class='ocrx_word' id='word_1_355' title='bbox 200 4421 293 4479; x_wconf 83' lang='lat' dir='ltr'><strong>tuisse</strong></span> <span class='ocrx_word' id='word_1_356' title='bbox 316 4422 363 4495; x_wconf 85' lang='lat' dir='ltr'><strong>(ci.</strong></span> <span class='ocrx_word' id='word_1_357' title='bbox 386 4440 479 4480; x_wconf 89' lang='lat' dir='ltr'><strong>summ.</strong></span> <span class='ocrx_word' id='word_1_358' title='bbox 502 4420 585 4479; x_wconf 88' lang='lat' dir='ltr'><strong>theol.</strong></span> <span class='ocrx_word' id='word_1_359' title='bbox 605 4416 686 4486; x_wconf 78' lang='lat' dir='ltr'><strong>XCV,</strong></span> <span class='ocrx_word' id='word_1_360' title='bbox 710 4410 739 4470; x_wconf 72' lang='lat'><strong>2.</strong></span> <span class='ocrx_word' id='word_1_361' title='bbox 762 4430 826 4488; x_wconf 93' lang='lat' dir='ltr'><strong>opp.</strong></span> <span class='ocrx_word' id='word_1_362' title='bbox 848 4414 875 4469; x_wconf 88' lang='lat' dir='ltr'><strong>T.</strong></span> <span class='ocrx_word' id='word_1_363' title='bbox 901 4414 947 4469; x_wconf 92' lang='lat' dir='ltr'><strong>Vl.</strong></span> <span class='ocrx_word' id='word_1_364' title='bbox 970 4431 997 4487; x_wconf 94' lang='lat' dir='ltr'><strong>p.</strong></span> <span class='ocrx_word' id='word_1_365' title='bbox 1020 4408 1115 4486; x_wconf 65' lang='lat' dir='ltr'><strong>dib),</strong></span> <span class='ocrx_word' id='word_1_366' title='bbox 1137 4415 1186 4470; x_wconf 90' lang='lat' dir='ltr'><strong>sed</strong></span> <span class='ocrx_word' id='word_1_367' title='bbox 1207 4414 1271 4483; x_wconf 88' lang='lat' dir='ltr'><strong>lege</strong></span> <span class='ocrx_word' id='word_1_368' title='bbox 1291 4413 1378 4470; x_wconf 85' lang='lat' dir='ltr'><strong>llosis</strong></span> 
     </span>
     <span class='ocr_line' id='line_1_42' title="bbox 207 4499 1377 4583; baseline -0.008 -21"><span class='ocrx_word' id='word_1_369' title='bbox 207 4523 272 4564; x_wconf 85' lang='lat' dir='ltr'><strong>vem</strong></span> <span class='ocrx_word' id='word_1_370' title='bbox 295 4517 323 4564; x_wconf 90' lang='lat' dir='ltr'><strong>et</strong></span> <span class='ocrx_word' id='word_1_371' title='bbox 343 4504 524 4583; x_wconf 84' lang='lat' dir='ltr'><strong>permanentia</strong></span> <span class='ocrx_word' id='word_1_372' title='bbox 543 4504 614 4559; x_wconf 87' lang='lat' dir='ltr'><strong>bona</strong></span> <span class='ocrx_word' id='word_1_373' title='bbox 634 4499 761 4556; x_wconf 73' lang='lat' dir='ltr'><strong>Israelitis</strong></span> <span class='ocrx_word' id='word_1_374' title='bbox 787 4516 842 4557; x_wconf 91' lang='lat' dir='ltr'><strong>non</strong></span> <span class='ocrx_word' id='word_1_375' title='bbox 863 4516 925 4556; x_wconf 84' lang='lat' dir='ltr'><strong>esse</strong></span> <span class='ocrx_word' id='word_1_376' title='bbox 948 4499 1056 4571; x_wconf 82' lang='lat' dir='ltr'><strong>colluta3</strong></span> <span class='ocrx_word' id='word_1_377' title='bbox 1084 4505 1257 4556; x_wconf 88' lang='lat' dir='ltr'><strong>concesserat</strong></span> <span class='ocrx_word' id='word_1_378' title='bbox 1277 4502 1377 4572; x_wconf 83' lang='lat' dir='ltr'><strong>tamen,</strong></span> 
     </span>
     <span class='ocr_line' id='line_1_43' title="bbox 209 4581 1377 4662; baseline -0.008 -13"><span class='ocrx_word' id='word_1_379' title='bbox 209 4599 333 4651; x_wconf 87' lang='lat' dir='ltr'><strong>terrenae</strong></span> <span class='ocrx_word' id='word_1_380' title='bbox 353 4587 526 4650; x_wconf 87' lang='lat' dir='ltr'><strong>haereditatis</strong></span> <span class='ocrx_word' id='word_1_381' title='bbox 546 4584 749 4662; x_wconf 84' lang='lat' dir='ltr'><strong>promissionem</strong></span> <span class='ocrx_word' id='word_1_382' title='bbox 769 4585 823 4644; x_wconf 87' lang='lat' dir='ltr'><strong>illle</strong></span> <span class='ocrx_word' id='word_1_383' title='bbox 850 4586 877 4644; x_wconf 94' lang='lat' dir='ltr'><strong>iu</strong></span> <span class='ocrx_word' id='word_1_384' title='bbox 898 4583 996 4660; x_wconf 83' lang='lat' dir='ltr'><strong>pignus</strong></span> <span class='ocrx_word' id='word_1_385' title='bbox 1017 4591 1141 4644; x_wconf 86' lang='lat' dir='ltr'><strong>aeternae</strong></span> <span class='ocrx_word' id='word_1_386' title='bbox 1162 4582 1247 4640; x_wconf 86' lang='lat' dir='ltr'><strong>tuisse</strong></span> <span class='ocrx_word' id='word_1_387' title='bbox 1268 4581 1377 4657; x_wconf 71' lang='lat' dir='ltr'><strong>lacum,</strong></span> 
     </span>
    </p>
   </div>
   <div class='ocr_carea' id='block_1_11' title="bbox 0 0 1591 5300">
    <p class='ocr_par' dir='ltr' id='par_1_11' title="bbox 0 0 1591 5300">
     <span class='ocr_line' id='line_1_44' title="bbox 0 0 1591 5300; baseline 0 0"><span class='ocrx_word' id='word_1_388' title='bbox 0 0 1591 5300; x_wconf 95' lang='lat' dir='ltr'><strong> </strong></span> 
     </span>
    </p>
   </div>
  </div>
 </body>
</html>
