3150 5300
656 486 808 562 ⁴13

284 694 320 775 3)
342 695 469 756 Euhoe
490 693 645 775 singulari,
667 713 745 773 quae
766 691 884 753 homini
898 710 967 753 cum
981 690 1047 751 lleo
1070 670 1129 767 est,
1151 692 1368 754 communitate

197 804 232 860 et
255 796 482 860 necessitudine
512 795 664 876 requitur,
692 799 728 855 ut
756 795 907 855 humanae
928 794 1009 898 Q?
1039 794 1199 874 singularis
1220 794 1369 874 quaedam

198 935 243 994 ait
270 939 377 993 natura
403 938 495 1012 atque
521 933 584 1007 vis,
612 951 705 1011 super
729 931 899 993 bestiarum
922 941 1001 1037 ngp
1028 930 1119 1010 longe
1142 931 1305 992 excellens.
1328 964 1370 977 -

201 1068 290 1147 Quod
313 1089 404 1148 quum
425 1068 563 1129 nonnulli
583 1064 822 1144 infitianturw),
845 1086 896 1126 res
918 1066 1088 1126 accuratius
1111 1073 1160 1128 eat
1182 1065 1370 1146 explicanda.

287 1179 320 1248 o)
342 1169 425 1276 pipp
449 1171 570 1231 anima
592 1177 651 1246 est,
673 1189 751 1249 quae
766 1188 805 1231 ex
825 1168 900 1229 sede
914 1187 978 1244 sua,
1001 1189 1090 1248 quam
1110 1170 1141 1230 in
1162 1170 1240 1232 extis
1262 1170 1370 1287 (ηρ)

199 1309 300 1368 habet
322 1306 375 1386 (cf.
397 1306 563 1385 praecipue
587 1304 602 1365 1
627 1306 704 1387 Reg.
729 1304 780 1381 17,
803 1301 875 1383 11),
903 1324 961 1385 per
981 1305 1159 1384 sanguinem
1187 1308 1307 1389 corpori
1328 1310 1371 1371 vi·

202 1415 268 1469 tam
296 1409 446 1489 impertit.
510 1408 647 1469 Eatenus
681 1408 794 1469 dicitur
822 1406 933 1507 'amp
963 1408 1044 1512 7¹⁶9?
1072 1406 1147 1472 Lev.
1176 1405 1234 1488 17,
1264 1409 1371 1488 11⁸⁰).

200 1548 397 1624 Repetuntur
418 1564 455 1605 ex
477 1564 523 1619 ea,
546 1563 744 1623 quaecunque
765 1544 859 1604 homo
882 1543 1019 1621 corporis
1040 1542 1154 1604 viribus
1177 1544 1239 1624 agit
1262 1548 1295 1605 et
1315 1563 1374 1624 per

202 1647 342 1727 conponis
368 1664 476 1707 sensus
503 1646 652 1725 percipit;
686 1645 725 1705 ad
752 1664 819 1705 eam
849 1645 1006 1722 pertinent
1033 1647 1149 1718 omnia,
1184 1647 1294 1725 quibua
1320 1652 1373 1707 aut

204 1750 367 1810 commotio
390 1749 594 1831 jucunditatis
620 1749 652 1807 in
678 1767 825 1829 corpore,
855 1752 907 1807 aut
934 1746 1036 1823 dolor,
1069 1766 1182 1808 nausea
1215 1749 1373 1827 ceterique

203 1852 306 1931 asperi
327 1852 465 1931 corporis
487 1857 588 1911 motus
611 1850 790 1911 excitantur.
814 1847 909 1926 (vid,
924 1869 964 1911 ne
976 1849 1007 1910 in
1028 1870 1063 1910 re
1085 1851 1244 1911 notissima
1264 1851 1373 1931 longua

202 1955 286 2030 liam,
308 1974 386 2034 quae
402 1954 593 2016 Geaenius
613 1954 646 2014 in
666 1954 749 2015 thes.
772 1971 797 2015 a.
812 1971 839 2012 v.
855 1955 935 2057 pipp
959 1972 989 2032 p.
1010 1947 1073 2014 9111
1097 1954 1267 2033 congessit3
1287 1954 1374 2015 locos

291 2226 397 2305 19111.
421 2250 450 2305 g.
473 2230 695 2303 Saalschiuta,
723 2228 775 2287 die
801 2224 1142 2288 Urustorbliclrlceitslcltre
1163 2226 1219 2287 der
1239 2226 1375 2287 Hebriier

206 2318 246 2389 (in
268 2315 371 2389 lllgenii
393 2317 522 2374 Zeitschr.
545 2318 564 2373 l.
587 2319 649 2374 hist.
673 2318 766 2374 Theoi.
801 2318 874 2373 Neue
895 2318 980 2389 Folge
1002 2318 1030 2372 T.
1053 2318 1073 2382 l,
1096 2312 1125 2373 3.
1148 2334 1175 2388 p.
1198 2311 1270 2388 18).;
1291 2312 1375 2383 „Zu-

204 2398 316 2458 nticlast
335 2398 490 2458 bemerlcen
510 2400 627 2458 acirim
649 2397 865 2478 Allyemeioea,
893 2399 965 2458 class
992 2402 1072 2472 pjffl
1100 2399 1197 2457 rainer
1220 2393 1376 2458 Grandia·

206 2536 340 2613 deolruny
360 2532 439 2593 noch
461 2535 590 2596 nardus
611 2532 770 2594 tlieriselte
783 2531 885 2594 Labeo
907 2529 1079 2608 bezeichoet,
1101 2529 1225 2592 welches
1245 2529 1309 2593 olco
1323 2534 1377 2596 mil

207 2620 276 2679 dent
296 2618 387 2678 Blate
415 2639 470 2680 ons
491 2619 559 2681 dem
581 2617 759 2681 tilerisclten
781 2618 873 2680 Lethe
893 2618 1064 2682 aelwiculet.
1114 2616 1175 2678 Nic
1195 2618 1275 2679 coird
1294 2619 1374 2726 1252?

206 2753 253 2815 uls
278 2751 425 2834 Geistiper
446 2756 514 2817 dem
535 2754 657 2836 Kirper
683 2754 730 2816 ola
756 2754 884 2816 salchem
911 2760 1188 2835 entpepeopesetztf‘
1209 2791 1252 2800 —
1279 2761 1318 2817 lb.
1346 2778 1375 2833 p.

206 2841 258 2902 30.
287 2842 387 2943 „ij
416 2841 510 2901 lecim
533 2841 585 2901 dic
611 2839 771 2918 sinaliclte,
798 2860 856 2901 von
877 2840 945 2900 dem
966 2839 1113 2900 Aeusscrn
1141 2841 1181 2917 (l)
1208 2838 1378 2922 obhiopipo

207 2976 483 3054 Leocrrsltrofl'dcs
503 2974 674 3037 Menoeten.
702 2976 755 3037 Sic
775 2976 939 3037 sclawiodet
959 2976 1100 3035 mildam
1121 2973 1211 3035 Blute
1229 2973 1297 3046 hin,
1319 2977 1378 3038 dau
1405 2998 1407 3002 ⁴

208 3065 278 3123 dein
299 3060 462 3123 Menoeten
483 3066 644 3120 entsniiml.
690 3060 805 3122 Hiemit
822 3062 918 3141 ocupa
935 3080 997 3120 orca
1018 3061 1085 3120 seir
1106 3060 1184 3120 wohl
1203 3081 1376 3134 zusammen,

207 3165 293 3206 auena
315 3145 373 3206 dos
399 3144 486 3207 Wort
511 3143 590 3203 ouclu
614 3148 668 3226 fiir
695 3145 821 3206 einselvae
847 3143 992 3205 sinalielre
1012 3143 1138 3226 Affecte,
1166 3147 1222 3205 wie
1242 3144 1378 3226 Hoaper,

209 3232 308 3292 Daorsi
327 3230 394 3290 rand
413 3228 520 3309 derpl,
538 3233 594 3310 fiir
615 3229 774 3311 Bepa'erde,
796 3231 1022 3310 Leideasclzoft,
1044 3234 1083 3289 im
1105 3228 1306 3309 Aligemeioeo
1322 3235 1379 3312 fiir

211 3317 366 3376 Zoaranda
392 3315 457 3376 aad
482 3315 687 3395 Stimmuopca
713 3317 754 3393 (1.
776 3322 844 3379 llos.
868 3317 919 3392 13,
942 3317 973 3394 9)
999 3322 1109 3395 pesclzt
1127 3317 1220 3391 aoird,
1248 3317 1378 3378 diacon

211 3406 334 3460 ἅωεωπ
363 3397 581 3460 Verumtamen
601 3400 744 3461 condebat
763 3401 949 3482 othcapeof‘
963 3437 1006 3447 -
1029 3406 1085 3473 Qua
1106 3405 1133 3461 in
1153 3406 1284 3463 sententia
1306 3423 1378 3478 quo-

210 3489 292 3546 modo
314 3505 376 3544 vera
398 3495 477 3560 atque
498 3489 564 3545 lalso
585 3489 665 3546 mixta
687 3491 754 3562 sint,
785 3492 890 3563 exiis,
919 3508 986 3563 quae
1011 3491 1076 3561 jam.
1089 3498 1270 3563 exponentur,
1300 3491 1378 3548 lacile

210 3575 386 3648 intelligetur.
409 3603 451 3615 —
483 3574 569 3630 Etiam
590 3574 728 3645 lleyder
747 3576 774 3631 in
798 3577 840 3641 iis,
863 3576 969 3649 quael.
993 3593 1017 3632 c.
1040 3594 1067 3648 p.
1091 3573 1141 3630 15.
1170 3576 1204 3631 de
1226 3576 1378 3633 discrimine

208 3662 279 3718 inter
301 3659 381 3747 119)
405 3665 433 3714 et
456 3670 520 3746 ῃη
544 3659 719 3717 intercedenti
740 3661 876 3733 disseruit,
899 3678 1015 3719 errorem
1037 3677 1090 3717 non
1112 3661 1230 3717 evitavit.

296 3790 348 3868 30)
376 3787 510 3860 „Cumis
536 3791 637 3852 animo
658 3794 690 3852 ia
714 3795 860 3874 sanquine
888 3798 959 3853 eat.“
1003 3796 1103 3864 Quibus
1129 3797 1219 3854 verbis
1247 3813 1299 3854 non
1326 3800 1379 3855 too

210 3881 391 3956 significatur,
418 3881 490 3952 quod
510 3880 586 3937 mulli
606 3882 707 3957 opinati
728 3891 804 3956 sunt,
833 3884 929 3940 nullam
954 3899 1015 3939 ease
1036 3887 1085 3952 τῆς
1106 3879 1188 3984 111ῷέ
1210 3882 1305 3955 vitam,
1327 3882 1379 3940 nisi

212 4036 289 4090 quam
310 4016 338 4073 in
361 4016 492 4088 sanguiue
513 4016 625 4091 habeat,
648 4020 697 4076 sed
719 4019 880 4094 corporis
902 4020 979 4075 ullam
1001 4019 1080 4074 vitam
1103 4035 1164 4075 esse
1185 4025 1305 4090 negatur,
1327 4018 1380 4077 nisi

213 4120 291 4175 quam
311 4119 359 4174 per
379 4101 536 4174 sanguinem
565 4107 647 4206 wa)
677 4122 736 4161 cum
764 4122 799 4162 eo
827 4104 1066 4162 communicaverit.
1110 4103 1177 4159 llinc
1203 4105 1379 4176 metonymice

211 4237 307 4295 dicere
327 4235 406 4306 licet,
428 4237 514 4309 ipsum
536 4239 689 4311 sauguinem
713 4241 800 4298 carnis
822 4241 931 4297 animam
953 4258 1014 4297 esse
1037 4238 1113 4310 (Gen.
1137 4234 1166 4309 9,
1190 4235 1219 4294 4.
1241 4241 1303 4296 Lev.
1329 4236 1378 4312 17,

213 4321 264 4382 ll.
281 4324 361 4378 Dent.
373 4316 491 4395 11,13),
514 4330 611 4380 etcum
626 4326 754 4400 sanguina
769 4327 855 4384 clluso
870 4326 993 4401 profundi
1005 4327 1114 4382 animam
1137 4322 1227 4426 (pipp
1246 4321 1378 4428 njyn).

213 4460 300 4518 Simili
322 4456 502 4530 metonymia,
529 4462 589 4533 quio
616 4464 815 4537 perlacrymas
841 4464 920 4520 animi
945 4471 1033 4521 motus
1053 4463 1214 4538 produntur,
1241 4461 1284 4519 l’a.
1308 4429 1379 4535 119,

210 4542 253 4604 18
276 4544 386 4604 dicitur:
410 4543 505 4614 111193
529 4523 647 4650 ῃρὲῑ.
