3150 5300
760 495 877 586 rr‘

199 741 290 785 auam
321 722 546 786 declaraturum
575 740 655 784 esse.
679 757 716 767 -
747 721 811 783 Sed
832 726 985 801 utcunque
1012 722 1232 783 senteutiamm
1259 743 1369 787 nexum

198 826 382 906 explicabis,
404 832 507 887 tamen
528 826 590 887 hoc
612 830 730 887 certum
753 831 819 901 est,
846 825 878 885 in
898 826 1023 886 vocibus
1046 836 1143 946 pipp
1167 817 1200 885 e't
1223 827 1369 940 nppipp

199 973 354 1072 5¹02an
377 962 454 1022 nihil
476 962 591 1036 inesse,
615 960 696 1040 quod
716 959 817 1020 locum
839 960 876 1019 ad
897 961 1020 1021 beatam
1042 962 1301 1024 immortalitatem
1321 984 1370 1025 re·

199 1099 286 1160 ferre
310 1103 408 1179 cogat.
454 1097 513 1173 Qui
535 1109 632 1208 pappi
662 1096 702 1156 de
723 1096 961 1176 experpisoendo
990 1116 1030 1156 ee·
1050 1100 1153 1158 mortis
1179 1119 1287 1179 sopore
1307 1099 1369 1160 dic-

198 1208 266 1264 tum
287 1206 406 1281 putant,
428 1200 633 1274 meminerint,
656 1218 727 1260 uum
748 1200 794 1260 illi
808 1200 903 1259 rerbo
918 1199 996 1259 haec
1012 1198 1194 1279 significatio
1209 1202 1372 1283 tribuenda

201 1305 259 1380 sit,
287 1302 498 1364 tantummodo
527 1322 565 1363 ex
587 1306 733 1362 contextu
761 1301 912 1362 sermonis
940 1301 1101 1382 dijudicari
1129 1322 1237 1382 posse,
1265 1311 1371 1366 nostro

200 1426 273 1467 vero
304 1407 372 1466 loco
395 1405 497 1466 omnia
518 1405 608 1484 plana
629 1423 716 1480 esse,
739 1404 766 1464 si
786 1404 931 1463 usitatam
952 1405 1038 1465 verbi
1059 1406 1119 1465 rim
1141 1405 1276 1467 retineas
1300 1405 1371 1486 ¹⁴⁷).

202 1509 295 1587 Quod
317 1513 526 1569 antemnates
549 1521 634 1585 mm
657 1519 780 1582 mm
803 1525 838 1566 se
862 1511 1096 1585 conspectumm
1112 1526 1182 1567 esse
1205 1517 1319 1587 sperat,
1339 1509 1372 1569 id

203 1611 326 1691 quidem
353 1610 550 1671 hauddubie
578 1627 617 1670 ea
637 1608 693 1683 iis,
722 1628 801 1687 quae
822 1607 912 1669 Num.
937 1605 992 1684 la,
1014 1604 1045 1669 8.
1073 1608 1113 1669 de
1134 1609 1225 1672 Mose
1252 1616 1374 1671 narrata

203 1719 283 1789 aunt,
305 1713 474 1791 repetitum
496 1716 554 1785 est,
577 1730 635 1771 nec
657 1716 760 1770 tamen
783 1710 946 1790 quidquam
968 1710 1028 1770 nisi
1048 1711 1187 1771 intimam
1215 1732 1284 1773 cum
1305 1714 1373 1775 Deo

204 1814 442 1876 familiaritatem
470 1819 503 1875 et
529 1813 710 1873 manifestae
739 1813 806 1893 ejus
833 1813 1027 1893 praesentiae
1055 1814 1274 1894 experientiam
1295 1816 1373 1876 indi-

206 1937 275 1979 care
295 1917 428 1977 ridetur.
473 1915 536 1984 ref.
559 1915 724 1995 praecipue
745 1913 797 1974 Pa.
820 1911 872 1990 63,
895 1912 940 1993 3.)

287 2019 418 2080 Praeter
439 2018 507 2093 hos,
531 2035 607 2095 quos
628 2016 778 2077 hactenus
801 2017 1033 2096 explicavimus,
1063 2017 1114 2078 alii
1137 2018 1259 2097 quidam
1285 2020 1317 2080 in
1338 2020 1372 2079 li-

205 2122 260 2183 bro
281 2121 473 2182 Psalmorum
496 2124 617 2180 exstant
638 2119 709 2202 loci,
731 2119 763 2179 iu
785 2120 895 2199 quibus
917 2120 1052 2181 nonnulli
1073 2121 1260 2201 interpretes
1281 2123 1374 2183 nesti-

204 2226 252 2306 gia
273 2225 343 2304 spei
364 2225 475 2285 beatae
497 2222 734 2283 immortalitatis
757 2223 860 2283 inesse
883 2223 1023 2283 arbitrati
1038 2228 1118 2300 sunt,
1141 2224 1197 2285 sed
1212 2225 1279 2286 sine
1288 2226 1375 2307 justa

203 2328 331 2388 ratione.
359 2327 398 2386 E.
413 2345 442 2406 g.
465 2325 496 2385 in
518 2321 636 2400 Pala,
653 2322 703 2400 15,
727 2325 848 2386 etiamsi
869 2326 963 2386 verba
984 2312 1140 2409 snm-Sy
1165 2340 1277 2402 mma
1301 2343 1371 2404 ,um

205 2430 303 2490 -id
325 2429 409 2509 quod
430 2429 537 2489 dubito
558 2463 601 2475 -
622 2429 745 2489 licuerit
765 2428 964 2508 interpretari
991 2427 1102 2497 „Deus
1129 2427 1220 2487 dorcet
1244 2448 1298 2488 nos
1325 2429 1373 2489 ul·

203 2539 262 2593 tro
283 2519 435 2605 mortem&
457 2536 560 2590 tamen
583 2550 621 2590 ex
642 2529 776 2590 universi
797 2529 911 2589 Psalmi
933 2535 1112 2609 argumento
1134 2529 1173 2589 de
1195 2529 1373 2592 immortali·

202 2639 266 2696 tate
296 2634 387 2694 animi
415 2634 506 2694 beata
533 2651 594 2692 non
624 2630 683 2692 erit
710 2628 1004 2712 cogitandum148),
1034 2630 1089 2692 sed
1118 2632 1272 2693 sententia
1299 2633 1374 2696 dicti

204 2738 264 2799 erit
286 2737 374 2812 haec,
396 2737 495 2798 Deum
517 2754 609 2815 porro
632 2754 650 2795 e
671 2735 859 2815 gravissimis
881 2735 962 2795 vitae
983 2734 1128 2815 periculis
1143 2740 1266 2814 gentem
1282 2736 1373 2797 educ·

203 2845 305 2902 turum
328 2859 399 2901 esse
421 2837 490 2918 ¹4⁹).
527 2838 646 2900 Eadem
666 2843 770 2899 manet
792 2837 955 2913 sententia,
979 2838 1006 2898 si
1027 2838 1120 2898 verba
1141 2838 1256 2898 rectius
1279 2839 1373 2918 expli-

291 3026 364 3104 147)
386 3031 651 3103 Heugsteuberg
672 3030 705 3085 ad
727 3030 753 3086 h.
772 3030 808 3085 l.:
831 3022 887 3095 „ln
909 3024 964 3084 der
986 3021 1071 3084 Stille
1092 3024 1148 3084 der
1168 3022 1272 3089 Naelrt
1290 3022 1376 3103 klupt

167 3186 169 3191 ,
204 3115 260 3176 der
285 3109 430 3172 Gereolrte
457 3115 518 3192 arcs
539 3112 607 3172 dem
628 3109 731 3190 Loper
757 3111 826 3171 dem
847 3109 947 3169 Herrn
974 3111 1055 3169 aeine
1081 3108 1164 3169 Notlr
1190 3109 1255 3169 und
1279 3108 1376 3170 erhilt

203 3219 262 3259 oon
288 3196 348 3256 ilum
376 3199 498 3256 incerere
528 3196 616 3256 llost
640 3196 705 3256 aad
731 3195 783 3255 die
817 3194 1034 3274 Versiclremup
1061 3196 1156 3255 seines
1183 3193 1373 3256 Baistondes.

205 3281 355 3362 Berulriqt
375 3280 488 3361 scotist
508 3301 541 3341 er
561 3300 623 3341 narn
644 3282 708 3350 ein,
728 3281 850 3360 peruias,
873 3281 945 3341 dass
966 3280 1021 3340 der
1041 3279 1123 3340 Herr
1143 3278 1203 3339 ihm
1225 3280 1300 3340 tetro
1319 3279 1373 3340 Er·

203 3368 326 3429 toacher
353 3368 405 3428 die
432 3365 647 3446 oeraproclrene
669 3365 762 3446 Hailfe
787 3365 947 3446 pewlihrer
968 3366 1102 3427 werde.“
1130 3399 1174 3412 -
1200 3370 1291 3426 Parum
1313 3377 1374 3444 apte

205 3458 367 3516 Calvinus
390 3465 487 3570 V'Pss
513 3455 713 3528 interpretatur:
736 3453 887 3531 respirare
907 3472 928 3512 o
949 3453 1079 3512 tristitia.

290 3571 365 3644 148)
393 3575 470 3642 Quod
492 3575 632 3631 voluerunt
652 3575 756 3645 Burlr,
784 3574 893 3646 Stier,
921 3575 1071 3631 Tholuclr
1101 3574 1202 3631 etalii.
1226 3605 1266 3616 -
1289 3576 1374 3632 Tho-

203 3663 286 3717 luclr
309 3663 338 3733 (l.
362 3678 387 3716 o.
410 3679 437 3734 p.
460 3655 535 3731 239)
558 3661 645 3716 locum
666 3661 702 3717 ita
724 3659 852 3729 illustrat:
889 3653 997 3726 „bleibt
1017 3656 1116 3716 dieser
1141 3653 1214 3715 Gott
1233 3654 1374 3734 deraelbe,

208 3760 243 3800 so
257 3743 375 3800 werden
390 3739 469 3802 auch
481 3739 623 3819 ylc'iubipe
636 3738 735 3801 helel
753 3741 805 3801 die
822 3739 934 3801 Thalen
955 3738 1078 3815 erlebera,
1101 3739 1211 3800 welche
1224 3741 1275 3801 die
1286 3740 1373 3821 pllio-

205 3825 295 3904 biqer
322 3824 411 3885 Viiter
438 3824 532 3887 erlebt
555 3824 668 3896 Ιιαὸεης
695 3826 772 3886 rand
799 3826 858 3886 ein
888 3824 991 3899 Gott,
1022 3825 1088 3885 der
1115 3825 1196 3884 siclt
1224 3846 1268 3886 ara
1296 3826 1374 3886 dem

203 3906 428 3972 retroactae
450 3910 689 3973 Sterbltchert
718 3911 756 3969 in
778 3912 918 3972 diesem
939 3909 1063 3970 Lebec
1092 3930 1131 3969 so
1152 3910 1375 3971 wcrrderbar

204 3991 483 4065 verleerrliclrt‚
512 3993 639 4065 sollte,
666 4014 768 4055 wenc
790 4016 828 4056 ea
848 4016 889 4056 zu
909 3994 1010 4056 Erde
1031 3997 1094 4064 iat,
1117 3993 1178 4054 ron
1199 3996 1237 4054 in
1257 3995 1373 4056 Stant

205 4080 283 4140 und
302 4076 425 4139 Arche
445 4079 632 4161 zerfcllert
653 4079 826 4140 loasen?“
849 4116 888 4126 —
911 4086 993 4142 Nemo
1014 4101 1068 4141 nou
1089 4083 1172 4155 videt,
1195 4102 1271 4156 qoam
1292 4086 1373 4159 longe

205 4168 318 4244 repetita
339 4171 365 4224 h.
389 4171 407 4226 l.
430 4188 494 4244 spes
515 4170 717 4227 immortalitatis
739 4169 783 4226 ait.

291 4284 368 4362 149)
391 4288 464 4343 Saite
486 4289 679 4361 vaihinger
700 4289 750 4355 (ad
772 4288 790 4341 l.
815 4287 871 4360 c.):
916 4282 1006 4353 „Hot
1028 4274 1102 4343 Go'tt
1120 4303 1174 4342 oua
1196 4283 1294 4343 dieser
1319 4281 1374 4344 Ge-

201 4369 276 4452 falrr
298 4375 423 4436 errettet‚
445 4388 479 4426 so
500 4370 580 4429 aoird
600 4390 632 4429 er
654 4368 732 4430 cuclt
752 4367 824 4427 tiber
845 4369 897 4428 die
915 4375 1044 4449 pro'sste,
1067 4368 1126 4428 den
1151 4367 1228 4437 rou,
1250 4366 1375 4428 hiniiber

204 4454 314 4536 helsen.
359 4451 469 4511 Dieser
497 4451 603 4512 drohte
623 4454 689 4515 later
715 4452 938 4523 transumatur,
967 4451 1011 4513 ola
1038 4453 1090 4513 die
1108 4449 1292 4532 Niedcrlcye
1318 4453 1374 4514 der

207 4539 336 4619 Assyrer
358 4534 456 4597 duret
477 4538 543 4596 eine
566 4536 637 4597 Pest
657 4539 833 4600 eniatonden
859 4557 893 4598 zu
914 4557 985 4619 seyr
1006 4537 1134 4616 acheint,
1160 4536 1271 4598 aoclclse
1289 4538 1372 4599 scho-

204 4624 289 4683 nerad
309 4642 348 4681 an
371 4619 465 4684 Isrotl
483 4620 711 4704 ooraiterpinp.“
