3150 5300
196 720 282 780 vitoe
302 737 375 781 esse
396 716 442 799 (3,
466 715 529 802 18),
551 718 698 780 discimus
720 738 758 781 ex
779 715 811 795 3,
825 714 893 780 lii:
915 720 1017 797 „vito
1039 719 1218 781 diuturna
1240 718 1294 803 (cf.
1318 716 1370 796 10,

197 819 242 882 27
265 827 300 883 et
321 822 374 899 11.)
396 824 428 881 ire
449 823 559 883 dextro
579 826 651 905 pies,
672 824 705 882 ire
726 823 848 883 sinistro
870 826 932 905 ejres
953 823 1052 902 (sunt)
1073 824 1199 883 divitiae
1220 830 1250 883 et
1267 822 1371 893 bonor,

200 925 313 1005 quibus
332 925 419 985 bouis
431 926 535 986 multis
553 925 631 985 locis
643 924 826 1006 adjiciuntur
842 926 934 985 animi
944 928 1026 986 bona
1043 931 1078 986 ut
1091 926 1371 1007 praestantisssimu

202 1027 373 1108 sapientiae
394 1028 514 1087 aucus
536 1023 609 1107 (11,
631 1023 683 1087 su.
706 1025 737 1103 r,
759 1022 780 1088 9
803 1013 923 1108 1111·
948 1063 989 1075 -
1019 1028 1100 1104 euru
1122 1028 1372 1090 1111111111

203 1126 255 1205 10,
278 1126 320 1205 2.,
334 1130 489 1212 justitiam
510 1131 626 1209 eripere
647 1148 688 1189 ee
708 1139 809 1203 morte,
831 1131 1013 1211 intelligitur
1033 1130 1082 1205 iis,
1105 1151 1183 1210 quae
1205 1131 1309 1192 statim
1323 1150 1371 1191 se·

205 1238 338 1313 quuntur
360 1232 400 1311 (r.
416 1227 467 1310 3):
489 1251 550 1292 non
563 1233 636 1292 sinit
647 1230 763 1293 Jebooo
786 1234 931 1293 esurire
942 1234 1023 1315 justi
1037 1233 1197 1292 ostiensisfl
1212 1268 1253 1279 -
1269 1234 1304 1295 G.
1320 1229 1371 1307 ll,

203 1332 249 1411 4.,
277 1335 333 1396 ubi
362 1335 470 1395 eadem
498 1335 653 1395 sententis
680 1334 763 1397 redit
791 1334 910 1410 („reibil
926 1341 1054 1415 prosunt
1074 1336 1200 1396 diuitiae
1226 1336 1277 1395 die
1298 1336 1373 1410 irae,

204 1438 259 1499 sed
273 1441 298 1521 j
306 1438 440 1498 ustitia
466 1456 512 1496 ee
538 1443 655 1497 raorte
682 1438 862 1517 eripit“),
889 1438 967 1498 nihil
990 1438 1070 1498 aliud
1093 1438 1291 1519 significatur,
1313 1437 1373 1498 nisi

204 1540 286 1603 iuter
301 1539 434 1621 judicia,
456 1539 565 1618 quibus
586 1539 670 1600 Deus
691 1540 840 1619 improbis
862 1541 988 1601 exitium
1009 1546 1169 1620 paraturus
1191 1541 1231 1600 sit
1259 1539 1319 1619 (cf.
1343 1537 1372 1611 1,

206 1640 246 1703 27
260 1662 340 1722 sqq,
362 1642 400 1701 ad
424 1654 531 1722 ,my
555 1654 608 1717 mr
635 1641 677 1702 cf.
700 1642 799 1722 Zeph.
824 1641 858 1719 1,
882 1640 958 1724 15),
982 1645 1086 1725 justos
1107 1643 1277 1703 incolumes
1300 1625 1371 1703 esse

206 1762 374 1806 mansuros.
397 1742 493 1823 (Vid,
515 1735 593 1822 quae
616 1761 707 1824 supra
729 1744 764 1806 ll.
786 1745 822 1806 B.
838 1744 867 1806 2.
890 1746 1011 1808 dehac
1033 1766 1068 1807 re
1083 1744 1307 1824 disseruimus).
1329 1778 1373 1788 -

207 1847 290 1910 ldcm
312 1847 511 1908 confirmatur
531 1846 580 1921 iis,
602 1844 732 1926 (111112,
757 1844 893 1908 18-22.
917 1849 1055 1929 exposita
1076 1854 1156 1909 suut.
1200 1846 1279 1908 Num
1301 1845 1373 1925 quid

208 1950 267 2011 sibi
286 1950 362 2010 velit
382 1948 459 2009 illud
479 1966 506 2009 v.
530 1944 572 2009 18
586 1967 648 2027 sq.,
677 1949 805 2010 incestos
825 1951 871 2010 od
890 1951 1004 2031 inferos
1025 1951 1147 2011 detrudi
1167 1970 1223 2010 nec
1243 1951 1309 2010 oios
1330 1949 1373 2009 oi·

208 2057 254 2113 too
274 2052 402 2133 assequi,
425 2051 620 2131 perspicuum
633 2051 671 2111 fit
692 2048 911 2132 1111211111
933 2053 1041 2133 „probi
1061 2051 1287 2113 babitabant
1306 2058 1374 2111 ter-

208 2174 281 2217 rom
305 2155 471 2233 (sanctam)
493 2159 522 2212 et
542 2153 672 2233 improbi
698 2157 926 2234 superstites
953 2162 1061 2216 erunt
1081 2156 1118 2215 io
1139 2174 1192 2216 eo.
1243 2152 1375 2232 Improbi

207 2277 276 2318 oero
298 2276 339 2317 ex
360 2264 440 2317 terro
462 2253 652 2332 delebuntur,
674 2262 704 2317 et
719 2257 833 2338 perfidi
853 2255 1010 2318 evelleretur
1031 2278 1072 2318 ese
1093 2261 1162 2318 eo.“
1183 2290 1226 2303 —-
1253 2256 1376 2317 Pariter

209 2356 262 2435 10,
283 2355 337 2421 30.
366 2358 538 2418 sententiae
568 2360 738 2440 ,possesio
760 2365 910 2420 aeternum
931 2378 991 2418 nors
1012 2359 1152 2419 notabit“
1179 2358 1284 2438 (11.1.
1306 2354 1374 2437 25),

208 2462 368 2542 opponitur
390 2462 500 2521 altera:
523 2467 575 2529 „ot
595 2460 724 2539 improbi
744 2479 804 2520 reon
825 2459 1001 2521 dubitabunt
1020 2468 1163 2521 terrorn.“
1192 2494 1233 2506 -
1263 2460 1374 2521 Claris-

207 2565 285 2625 sime
306 2581 380 2625 uero
401 2564 469 2637 illa,
503 2582 591 2641 quam
613 2563 664 2623 len
685 2563 823 2624 Mosaios
845 2570 1001 2640 sanxerat,
1024 2564 1064 2624 de
1085 2563 1209 2643 pietatis
1229 2561 1375 2643 praemiis

207 2667 410 2730 terrestribus
425 2667 580 2727 sententia
601 2685 747 2747 expressa
768 2673 819 2729 est
841 2664 892 2743 ll,
914 2663 971 2728 31:
1004 2686 1095 2739 „ecce
1105 2669 1192 2749 justo
1214 2668 1253 2726 ire
1274 2672 1375 2725 terro

207 2771 391 2852 rependitur,
413 2776 523 2851 peonio
544 2771 642 2850 nuopis
662 2770 798 2850 improbo
820 2777 850 2831 et
866 2772 1051 2850 peccatori.“

292 2874 430 2952 Apparet
456 2873 562 2952 igitur,
598 2874 672 2934 satis
699 2874 796 2933 firmis
824 2874 1010 2953 argumentis
1038 2892 1131 2953 posse
1159 2870 1269 2932 muniri
1295 2870 1375 2930 hanc

208 2976 402 3051 sententiam,
426 2994 504 3052 quae
526 2975 643 3049 statuit,
664 2976 757 3035 uitam
779 2975 811 3035 in
832 2975 1067 3037 Prouerbiorum
1087 2977 1167 3036 libro
1189 2973 1248 3054 piis
1270 2991 1305 3032 ac
1328 2991 1374 3032 sa-

206 3077 363 3158 pientibus
384 3076 581 3156 promissam,
609 3076 653 3136 nil
675 3095 745 3138 esse
767 3077 827 3137 nisi
847 3077 939 3137 vitam
960 3082 1194 3137 terrestrem
1216 3081 1249 3136 et
1270 3093 1374 3152 corpo·

207 3181 250 3242 ris
274 3184 307 3240 et
328 3179 420 3239 animi
442 3180 522 3239 bona
544 3178 818 3258 complectentem,
841 3183 874 3239 et
895 3178 934 3238 ad
955 3178 1046 3260 hujus
1068 3177 1148 3239 uitae
1170 3177 1374 3240 conservatio·

208 3302 280 3344 nem
300 3281 466 3343 referenda
488 3300 568 3356 esse,
592 3301 669 3361 quae
691 3280 732 3341 de
748 3281 844 3363 justis
865 3287 966 3341 morte
986 3280 1154 3342 liberandis
1177 3280 1260 3341 dicta
1281 3279 1352 3340 sint.

292 3384 498 3446 Nihilominus
526 3384 619 3444 etiam
646 3383 678 3444 in
699 3384 779 3444 libro
800 3383 1036 3444 Proverbiorum
1063 3402 1125 3444 nou
1145 3384 1236 3464 plane
1262 3402 1300 3444 ec
1321 3382 1374 3443 de-

210 3493 293 3563 sunt,
323 3486 432 3566 quibus
454 3486 564 3545 beatae
586 3485 707 3564 piorum
728 3485 966 3546 immortulitatis
993 3485 1248 3565 praesagitionem
1271 3484 1375 3545 adum-

207 3593 296 3651 brate
316 3588 464 3648 videatur.
508 3586 820 3647 Animadvertendum
841 3593 891 3648 cst
912 3587 1091 3667 diligenter,
1113 3587 1225 3648 librum
1246 3586 1374 3647 Prover-

208 3688 345 3765 biorum,
367 3690 541 3767 ubicunque
563 3688 637 3751 0rci
658 3689 847 3751 mentionem
868 3689 944 3751 facit
966 3687 1041 3770 ¹⁶²),
1065 3689 1105 3750 de
1127 3707 1311 3769 eosemper
1331 3690 1376 3750 ita

208 3787 303 3866 loqui,
326 3794 411 3866 quasi
433 3792 486 3854 ille
508 3792 549 3852 sit
568 3794 779 3855 tautummodo
800 3793 1053 3873 improborum
1077 3791 1178 3854 sedes.
1207 3791 1374 3851 Hominum

209 3893 378 3953 descensus
400 3894 438 3951 ad
458 3894 576 3953 inferos
598 3896 718 3956 nonnisi
738 3898 782 3957 ite
804 3900 1076 3970 commemoratur,
1096 3900 1132 3954 ut
1152 3911 1275 3973 poena
1296 3892 1336 3952 sit
1357 3911 1375 3952 a

207 3997 276 4058 Deo
303 3991 390 4053 malis
417 4000 531 4069 parata.
575 3994 644 4070 (cf.
666 4002 791 4076 praeter
813 4017 883 4075 eos,
911 4016 987 4078 quos
1015 4012 1107 4076 supra
1126 3993 1259 4070 laudavi,
1288 3994 1374 4055 locos

210 4099 303 4162 etiam
320 4095 354 4155 0.
369 4089 422 4168 23,
439 4090 500 4168 14,
522 4095 575 4155 ubi
589 4097 683 4156 verbs
703 4100 854 4167 ,‚orsimom
868 4102 931 4183 ejus
946 4120 986 4160 ese
1003 4098 1084 4160 Orco
1106 4098 1215 4177 eripies
1235 4097 1278 4157 nil
1294 4094 1375 4157 aliud

210 4189 269 4262 sibi
291 4199 395 4258 uolunt
417 4196 490 4257 nisi:
519 4196 556 4257 ab
579 4198 682 4275 exitio,
705 4200 790 4279 quod
809 4209 909 4262 monet
927 4201 1021 4263 motos
1042 4220 1108 4261 erem
1129 4199 1280 4276 liberabis)
1303 4196 1373 4278 l⁶³).

356 4338 405 4343 ...-
418 4337 450 4341 ,Η
468 4337 477 4340 .,
486 4336 510 4340 -..

297 4404 369 4481 152)
390 4407 519 4481 Exceptis
540 4408 644 4465 duobus
665 4407 734 4465 loeis
758 4402 852 4479 1,12.
876 4403 1005 4481 30,16.,
1028 4409 1073 4482 qui
1094 4410 1127 4467 ad
1148 4411 1215 4466 hanc
1236 4409 1375 4482 quaestio-

209 4513 270 4552 uenn
292 4494 475 4570 explicandam
496 4494 603 4550 omuino
624 4494 690 4553 nihil
712 4492 820 4551 fuciunt.

297 4610 369 4689 153)
392 4615 433 4672 Gi.
458 4630 526 4688 quse
548 4615 582 4672 de
603 4615 646 4672 Ps.
669 4609 721 4671 49.
743 4630 823 4690 supra
844 4613 976 4689 disputato
997 4622 1066 4673 suut.
