3150 5300
765 522 814 596 81

196 730 270 789 adoro
292 747 358 787 rrreo
380 726 573 808 (desiderio).
617 725 764 805 Profecto
785 726 908 787 diaeta:
938 726 1082 807 quidnam
1100 729 1252 805 persecuti
1273 747 1372 787 manns

197 851 284 900 eurn;
307 836 379 888 trane
399 829 494 888 radin
515 847 626 887 corrone
648 829 681 886 in
702 848 749 887 mc
770 828 891 887 inuento
906 829 964 887 erit
983 829 1029 909 (11.Ι
1045 848 1074 889 e.
1089 833 1162 889 tnnc
1176 828 1374 889 manifestum

199 935 269 1008 liet,
294 952 442 1012 quaenam
463 932 505 991 sit
526 949 637 991 causae
659 949 757 1006 meae,
779 929 819 991 de
842 950 901 1010 qua
923 930 1122 1010 disceptatur,
1144 950 1216 991 vera
1237 932 1340 1009 ratio).

288 1034 433 1095 Diversae
461 1033 552 1113 hujus
573 1031 634 1092 looi
661 1032 933 1111 interpretationes
959 1032 1031 1095 nolo
1059 1033 1236 1111 singillatim
1263 1052 1371 1109 recen-

200 1133 355 1215 serem).
386 1135 572 1195 Luculenter
585 1133 847 1215 Valhingerns
869 1135 1019 1215 exposuit,
1040 1154 1079 1194 ex
1090 1140 1229 1214 quatuor,
1242 1155 1319 1215 qnae
1333 1134 1373 1195 de

200 1241 265 1300 hoc
292 1240 363 1298 loco
390 1238 527 1317 prolatae
554 1242 640 1313 sunt,
668 1238 832 1298 sententiis
860 1237 935 1298 duas
962 1237 1053 1317 plane
1080 1255 1151 1298 esse
1178 1238 1373 1319 rejiciendas,

202 1341 458 1421 quarum=altera
484 1341 578 1401 rerba
604 1340 643 1401 ad
668 1345 858 1401 mortuorum
885 1340 1144 1402 resurrectionem
1176 1327 1274 1400 relata
1299 1339 1373 1412 vult,

203 1445 302 1505 altera
323 1444 362 1502 iis
383 1443 444 1503 hoc
465 1448 552 1522 putat
573 1434 783 1517 enunciatum,
811 1442 922 1503 Jobum
944 1462 1086 1522 sperare,
1114 1461 1150 1504 se
1171 1442 1204 1502 in
1224 1442 1283 1502 hac
1312 1442 1376 1502 vita

202 1548 234 1607 ia
254 1546 416 1625 pristinam
436 1546 620 1607 felicitatem
640 1545 819 1607 restitutum
839 1545 1023 1624 iri.1taque
1045 1545 1129 1624 optio
1145 1544 1215 1604 data
1230 1550 1279 1605 est
1292 1545 1376 1603 inter

203 1651 280 1711 duas
309 1649 442 1728 reliquas
469 1649 751 1728 interpretationes.
794 1648 909 1710 Earum
936 1668 997 1710 una
1024 1648 1147 1723 statuit,
1174 1647 1299 1719 Jobum,
1323 1646 1375 1725 qni
1433 1656 1438 1673 ¹

202 1759 296 1812 antea
315 1752 375 1812 Dei
396 1751 558 1812 adventum
580 1755 786 1830 exoptaverat,
808 1756 844 1811 ut
865 1770 935 1811 cum
957 1770 995 1812 eo
1018 1750 1228 1830 expostularet
1249 1744 1320 1828 (13,
1342 1743 1373 1809 3.

203 1851 288 1932 22),
305 1855 372 1936 jam
394 1843 567 1929 confidere,
589 1854 674 1929 fore,
696 1858 730 1913 ut
751 1853 927 1932 priusquam
949 1853 979 1913 vi
999 1854 1083 1913 vitali
1106 1853 1253 1914 exhausta
1274 1851 1306 1910 in
1325 1868 1373 1911 se-

206 1956 344 2036 pulcrum
367 1956 574 2032 descenderit,
595 1956 679 2016 Deus
701 1956 733 2015 in
754 1960 839 2016 terra
862 1959 954 2037 (Ἴθι)
977 1938 1072 2037 -59,
1095 1956 1136 2015 cf.
1159 1952 1211 2030 41,
1232 1951 1298 2014 25.l
1322 1972 1373 2032 ap-

204 2064 312 2137 pareat
338 2056 534 2116 innocentiae
568 2074 642 2114 snae
669 2055 760 2115 testis
789 2059 881 2133 alque
908 2055 1027 2115 vindex.
1077 2056 1183 2116 Altera
1211 2055 1374 2129 sententia,

205 2179 293 2239 quum
321 2158 494 2217 Ewaldus
520 2162 553 2216 et
580 2154 842 2235 Vaihingerus
869 2156 1093 2233 defenderunt,
1121 2158 1215 2218 verba
1236 2157 1305 2218 Jobi
1334 2156 1374 2217 de

203 2282 240 2323 re
266 2266 339 2340 post
364 2265 495 2319 mortem
524 2264 670 2318 eventura
697 2260 848 2339 explicata
874 2262 952 2321 vult:
980 2261 1108 2336 Jobum,
1137 2279 1229 2339 quum
1256 2261 1289 2320 in
1315 2260 1374 2320 hae

204 2361 266 2421 vita
288 2361 348 2420 sibi
370 2361 468 2420 Deum
490 2365 524 2420 nt
545 2366 707 2439 patronum
729 2361 851 2422 obvium
873 2362 977 2423 datam
999 2364 1037 2424 iri
1059 2363 1283 2442 desperaverit,
1306 2364 1374 2444 jam

204 2464 264 2523 hoc
291 2480 472 2541 persuasum
498 2460 635 2533 habere,
663 2465 749 2520 certe
771 2459 897 2520 tandem
924 2460 963 2521 ad
983 2479 1070 2522 suum
1097 2463 1246 2524 tumulum
1273 2446 1373 2546 (ἦν

204 2578 302 2645 709,
326 2562 367 2622 cf.
391 2560 447 2635 17,
472 2556 521 2621 16.
543 2558 595 2636 20,
620 2558 670 2621 ll.
692 2558 745 2635 21,
769 2557 839 2638 16.)
862 2562 960 2623 Deum
982 2564 1133 2625 vindicem
1155 2570 1320 2642 staturum,
1342 2573 1375 2628 et

204 2687 276 2729 sese
299 2668 399 2744 ipsum
421 2665 526 2730 deleto
556 2682 686 2743 corpore
708 2664 766 2724 Dei
794 2666 921 2744 propitii
946 2671 979 2727 et
1001 2668 1079 2748 Justi
1100 2671 1277 2747 praesentia
1304 2689 1374 2731 esse

205 2770 398 2831 laetaturum.
421 2803 464 2811 -
491 2767 608 2827 Harum
629 2768 919 2847 interpretationum
940 2774 1009 2830 utra
1030 2772 1146 2832 rectior
1166 2772 1223 2847 sit,
1245 2772 1375 2833 vixerit

205 2871 448 2954 dijudicandum,
463 2891 546 2930 nam
573 2871 606 2930 in
628 2877 787 2948 utramque
816 2877 936 2950 partem
963 2872 1055 2933 facile
1083 2880 1193 2953 potest.
1215 2873 1373 2954 disputari.

206 2976 286 3035 Mihi
309 2972 433 3052 quidem
453 2973 556 3032 verbis
577 2991 605 3032 v.
627 2969 679 3033 26.
703 2979 736 3033 et
756 2970 809 3033 27.
831 2962 987 3054 posterior
1008 2977 1163 3037 sententia
1183 2977 1304 3038 videtur
1325 2996 1374 3036 ac·

207 3076 437 3138 commodatior.
482 3074 647 3136 Levissimi
667 3077 815 3135 momenti
837 3082 900 3151 est,
923 3077 1005 3155 quod
1025 3078 1162 3138 nonnulli
1183 3081 1374 3160 objecerunt,

206 3180 307 3241 locum
329 3178 372 3237 ita
394 3178 578 3257 explicatum
599 3197 669 3239 cum
690 3179 744 3252 iis,
768 3197 845 3255 quae
867 3184 958 3238 antea
979 3179 1061 3240 dictu
1083 3186 1203 3256 essent,
1226 3199 1373 3261 pugnare.

206 3282 284 3341 Nam
307 3303 395 3360 quum
411 3281 482 3342 Jobi
503 3301 586 3361 spes,
610 3301 686 3360 quae
709 3286 799 3341 antea
820 3286 975 3359 prostrata
995 3288 1072 3354 erat,
1092 3282 1154 3342 hoc
1175 3282 1244 3343 loco
1265 3283 1375 3343 viatrix

208 3391 364 3463 exsurgat,
388 3401 517 3443 necesse
539 3388 604 3457 est,
627 3403 697 3443 eum
714 3384 780 3462 jam
801 3384 875 3443 talia
896 3384 1051 3462 proloqui,
1067 3402 1158 3464 ¹quae
1180 3389 1270 3444 antea
1292 3384 1373 3462 cogi·

208 3488 323 3547 tatione
351 3484 495 3562 amplecti
522 3503 583 3544 non
609 3484 772 3562 potuisset.
801 3518 842 3533 ·-
878 3486 981 3565 Major
1005 3504 1079 3545 vero
1107 3484 1273 3545 difficultas
1301 3484 1374 3546 inde

206 3588 358 3661 exoritur,
387 3587 469 3664 qnod
495 3587 646 3666 polimatis
668 3586 770 3647 fabula
798 3606 858 3646 non
885 3586 924 3646 ad
951 3606 1022 3648 enm
1044 3588 1158 3648 exitum
1185 3586 1374 3666 perducitur,

209 3683 310 3760 quem,
332 3689 359 3748 si
372 3709 445 3749 vera
456 3695 504 3748 est
518 3691 673 3767 posterior
686 3689 911 3768 interpretatio,
933 3691 1176 3770 exspectaverim
1199 3694 1231 3749 et
1246 3689 1375 3749 maxims

208 3783 373 3844 difficultas
394 3793 426 3850 in
449 3812 486 3852 eo
501 3792 602 3870 posita
617 3799 675 3866 est,
688 3793 778 3872 ¹quod
793 3793 888 3852 Jobus
903 3792 1039 3853 indicare
1054 3793 1184 3868 videtur,
1207 3790 1374 3866 eandem,

206 3887 256 3949 cui
277 3886 345 3966 ipse
367 3895 586 3968 praestoletur,
610 3895 669 3955 Dei
689 3896 818 3957 vindicis
840 3896 1046 3974 praesentiam
1068 3896 1161 3957 etiam
1183 3894 1373 3955 adversarios

209 4144 282 4207 Gon
300 4145 439 4217 echernan,
461 4148 516 4206 wie
537 4167 569 4207 er
587 4152 654 4228 fair
675 4150 770 4209 nriclt
791 4151 1032 4230 onsiritaniclrt
1050 4151 1123 4212 eber
1143 4152 1223 4212 wind
1243 4153 1292 4211 ein
1313 4148 1373 4210 An·

205 4233 302 4300 deror,
325 4233 405 4289 einer
426 4253 484 4292 oon
505 4233 581 4294 eecli
594 4232 646 4293 idn
660 4232 791 4294 schanan
809 4239 874 4313 seir
894 4235 977 4296 sicli
999 4238 1179 4317 unstrotend,
1202 4239 1282 4297 scine
1297 4237 1373 4296 Par·

205 4319 245 4375 tei
267 4318 467 4395 orpretfeadr‘
487 4354 531 4365 —-
557 4324 680 4381 Getarum
702 4340 754 4379 non
777 4324 862 4380 minus
884 4332 945 4399 apte
967 4326 1012 4383 alii
1033 4326 1199 4401 interpretati
1220 4333 1296 4384 sunt:
1322 4340 1374 4381 no·

206 4421 265 4481 qne
286 4401 414 4460 alienam
436 4407 454 4462 1.
478 4424 502 4464 e.
526 4409 704 4467 adversarium
726 4408 824 4466 videbo
845 4410 939 4467 Deum.

292 4521 366 4594 156)
388 4526 449 4582 vid.
473 4528 611 4585 Sliokel
632 4531 667 4585 de
688 4528 772 4587 Gotle
793 4530 854 4587 len.
880 4525 973 4602 1832,
994 4531 1090 4588 Halia
1111 4532 1130 4587 l.
1154 4548 1178 4585 o.
1201 4548 1229 4602 p.
1246 4523 1285 4584 31
1302 4546 1373 4602 sqq,

154 4690 156 4699 ,
205 4605 409 4683 vaihingen,
432 4612 479 4670 das
500 4615 574 4671 Buoh
595 4615 664 4672 lliob
686 4617 824 4674 iibersetat
843 4634 872 4673 a.
893 4617 1021 4676 erliulert
1042 4609 1135 4674 1842.
1156 4622 1195 4688 ρ.
1209 4608 1271 4671 108
1286 4631 1346 4688 sqq.

1149 4707 1172 4774 6
