3150 5300
712 479 763 558 45

135 692 269 771 peret.
316 685 371 749 Sic
397 688 482 749 locus
508 693 615 749 noster
639 688 767 765 clarius,
797 707 887 770 quam
915 688 1006 749 Dent.
1028 683 1086 763 32,
1114 682 1156 749 39
1177 694 1319 767 testatur,

105 792 172 860 ,in
195 796 305 852 morte
330 792 416 853 etin
436 791 544 852 inseris
566 810 628 853 non
649 812 717 853 eam
740 810 811 853 esse
832 792 894 852 vim
915 791 1123 866 necessitatis,
1150 811 1240 870 quam
1261 792 1321 854 Dei

138 914 271 970 numen,
297 894 347 954 cui
367 900 477 974 parent
498 881 608 968 omnia,
627 893 771 974 frangere
793 899 936 973 nequeat.
965 893 1103 954 Potest
1123 894 1215 973 igitur
1235 894 1321 955 Deus

141 1003 286 1057 mortuos
309 1015 348 1057 ex
368 996 478 1057 inferis
499 996 531 1056 in
552 997 644 1057 vitam
665 1015 820 1057 revocare.
844 1032 885 1043 —
913 995 973 1071 Cf,
1000 1016 1077 1074 quae
1101 994 1117 1056 l
1142 996 1224 1061 Sam.
1245 992 1276 1071 2,
1298 991 1320 1057 6

143 1099 359 1174 declarantur,
387 1097 531 1158 deltonem
559 1105 590 1158 et
615 1100 778 1178 interficere
805 1105 835 1160 et
860 1100 943 1158 vivos
961 1101 1079 1176 faeere,
1107 1099 1258 1158 deducere
1277 1098 1322 1159 ad

143 1203 264 1282 inferos
291 1206 320 1261 et
346 1200 492 1272 educere5
520 1200 560 1263 de
588 1202 674 1282 cujus
702 1202 763 1261 loci
791 1201 943 1261 sententia
971 1200 1033 1259 noli
1063 1220 1130 1259 cum
1158 1200 1319 1277 Thenio,

146 1304 218 1382 (qui
238 1302 290 1362 Ps.
303 1297 354 1378 30,
370 1300 400 1363 3.
420 1300 452 1363 4.
475 1303 684 1381 comparavit),
707 1302 820 1381 aliquid
841 1303 1015 1375 detrahere,
1039 1301 1151 1380 quippe
1173 1322 1250 1380 quae
1271 1303 1319 1379 iis,

151 1423 231 1485 quae
257 1400 274 1464 l
296 1404 374 1485 lleg.
398 1402 450 1481 17,
477 1402 517 1466 21
542 1423 603 1484 sq„
631 1400 751 1485 2lleg.
772 1401 809 1480 4,
834 1400 877 1466 32
898 1423 943 1484 su
966 1411 1087 1464 narrata
1114 1410 1201 1480 sunt,
1228 1405 1320 1485 plane

146 1506 348 1569 confirmetur
358 1503 415 1589 φ).

233 1610 320 1687 Quae
341 1609 465 1670 lloseae
487 1608 571 1670 dicto
593 1611 768 1670 continetur
794 1610 963 1682 sententia,
992 1609 1120 1669 eundem
1143 1627 1320 1689 expressam

143 1712 320 1792 reperimus
348 1711 428 1794 apud
453 1712 655 1774 Ezechielem
682 1714 724 1793 (c.
746 1709 808 1794 37)
839 1712 871 1772 in
900 1713 1101 1773 celeberrima
1126 1712 1178 1772 ille
1205 1712 1320 1772 ossium

144 1821 339 1877 mortuorum
362 1820 395 1875 et
415 1816 661 1876 reviviscentium
682 1816 809 1875 n'sione.
853 1814 987 1895 Populus
1009 1815 1192 1875 lsraiiliticns
1213 1816 1245 1875 in
1268 1833 1319 1874 er-

144 1917 210 1979 silii
231 1917 358 1978 miseria
379 1918 418 1979 de
441 1917 539 1978 salute
561 1917 729 1997 desperans
758 1922 951 1995 comparatur
976 1937 1045 1977 cum
1072 1918 1192 1977 ossibus
1215 1917 1318 1993 aridis,

145 2039 226 2101 quae
252 2019 284 2081 in
305 2022 398 2080 vitam
425 2021 603 2081 restitutum
627 2020 667 2080 iri
695 2021 791 2081 nemo*
818 2018 993 2081 crediderit.
1039 2018 1102 2079 Sed
1123 2020 1319 2097 quemadmo-

145 2124 221 2183 dum
242 2123 395 2203 propheta
410 2124 501 2203 jussu
521 2122 657 2184 lehcvee
680 2127 713 2182 et
734 2123 763 2182 vi
785 2122 911 2201 spiritus
934 2122 1026 2181 divini
1054 2140 1124 2181 ossa
1145 2141 1236 2182 carne
1265 2123 1318 2182 cb-

145 2226 242 2287 ducta
267 2229 300 2285 et
325 2224 539 2286 reviviscentis
570 2225 684 2299 cernit,
713 2225 756 2284 ite
777 2224 893 2284 Jehova
919 2223 1064 2303 populum
1087 2230 1257 2284 emortuum
1279 2224 1319 2285 ad

145 2347 256 2388 novam
284 2327 377 2387 vitam
406 2325 567 2387 suscitabit
595 2332 629 2387 et
655 2327 686 2386 in
714 2328 844 2406 patriam
871 2346 940 2387 eum
967 2326 1120 2386 restituet.
1170 2328 1255 2403 Quae
1275 2327 1318 2388 vi·

144 2431 243 2492 sionis
271 2430 425 2490 sententia
452 2449 542 2508 quum
571 2448 599 2493 v.
631 2425 671 2489 ld
698 2429 857 2489 evidenter
883 2428 1017 2488 indicata
1042 2428 1097 2503 sit,
1129 2437 1316 2504 erraverunt,

145 2533 202 2613 qui
228 2531 290 2592 hcc
315 2532 385 2592 loco
412 2532 596 2611 promissum
624 2531 807 2603 censebant,
835 2530 918 2609 ipsos
946 2535 1082 2590 mortuos
1107 2531 1257 2591 lsrailitas
1279 2551 1318 2594 ex

145 2636 232 2699 orco
259 2634 291 2694 iu
317 2633 409 2695 vitam
437 2639 618 2695 terrestrem
648 2638 823 2695 revocatum
851 2633 899 2693 iri.
957 2631 1028 2693 Noli
1054 2638 1157 2695 tumen
1190 2634 1317 2713 opinari,

144 2758 264 2802 meram
286 2738 460 2817 allegoriam
483 2738 535 2797 hic
555 2737 744 2817 propositam
767 2755 838 2798 esse
850 2733 911 2815 90);
940 2736 995 2795 sed
1016 2736 1061 2795 ita
1080 2734 1147 2797 vult
1166 2738 1318 2816 propheta

144 2841 293 2923 populum
314 2840 504 2900 ratiocinari:
528 2859 618 2919 quum
634 2839 700 2900 Dec
721 2844 861 2918 potestas
882 2839 923 2898 sit
937 2844 1076 2899 emortua
1090 2857 1159 2899 ussa
1173 2839 1204 2898 in
1225 2841 1317 2900 vitam

146 2941 321 3017 revocandi,
343 2960 400 3021 pro
423 2947 510 3002 certo
532 2941 706 3003 habendum
726 2947 785 3017 est,
808 2940 1019 3001 eundemnon
1036 2960 1142 3001 carere
1162 2941 1190 3000 vi
1213 2961 1249 3002 ac
1263 2961 1317 3022 pc·

143 3051 278 3121 testate,
305 3045 467 3119 lsraelem,
496 3044 631 3123 quemvis
658 3044 765 3103 ultima
792 3044 916 3102 miseria
942 3061 1082 3121 pressum
1103 3043 1135 3102 in
1157 3044 1318 3105 meliorem

144 3153 261 3210 statum
282 3146 477 3208 restituendi.
521 3146 566 3206 lta
588 3146 649 3205 hcc
671 3164 791 3225 quoque
817 3145 885 3205 loco
908 3145 1090 3220 affirmatur,
1117 3144 1215 3205 Deum
1237 3165 1317 3206 mor·

237 3385 290 3463 89)
310 3390 397 3447 Verba
418 3390 524 3448 Hennae
545 3398 700 3464 repetuntur
720 3391 781 3465 Sap.
806 3387 856 3462 16,
880 3386 934 3448 13:
963 3388 1023 3461 „ct
1048 3393 1120 3467 ζωῆς
1143 3390 1186 3445 nal
1209 3390 1318 3448 θανάτε

148 3474 261 3546 ἕξεσὶαν
282 3472 360 3544 ἔχεις,
381 3476 429 3531 καὶ
451 3473 578 3546 κατάγεις
600 3478 640 3537 εἰς
661 3474 819 3538 ediscite
841 3477 887 3531 uod
902 3474 1031 3548 oivdyrffl
1046 3509 1088 3518 —
1110 3476 1154 3532 ubi
1177 3494 1212 3533 ex
1232 3495 1259 3533 v.
1276 3471 1317 3534 ld

146 3559 274 3632 cernitur,
298 3561 454 3618 sententiam
475 3562 582 3636 pmprie
604 3562 803 3634 intelligendam
826 3578 896 3618 esse.

232 3658 285 3734 90)
308 3665 380 3720 Bene
402 3664 618 3719 llacvernick
640 3659 751 3736 (domm.
774 3664 802 3718 in
816 3664 914 3719 Erech.
937 3680 964 3735 p.
989 3657 1077 3735 582):
1100 3657 1186 3727 „Der
1207 3658 1322 3720 Zweclc

123 3746 230 3807 cim
250 3743 327 3805 tlon
348 3742 511 3805 tilddcten
532 3743 726 3824 Darrteduny
746 3745 787 3804 iri
805 3743 871 3804 dier
889 3764 948 3822 yar
969 3742 1053 3803 nicht
1073 3744 1198 3803 eciderit.
1242 3744 1317 3805 Mun

143 3830 230 3892 laam
244 3827 326 3887 nield
339 3848 440 3908 seyen,
455 3830 528 3890 dass
539 3830 590 3889 die
611 3827 798 3908 Varatedung
813 3829 868 3890 der
885 3828 1173 3907 Todtenerweclcenq
1187 3850 1221 3888 zu
1236 3831 1317 3889 einer

144 3911 352 3976 deutlielreren
371 3912 544 3993 Erlddruny
570 3913 636 3974 und
662 3912 975 3991 Veransedudlieduny
1002 3914 1057 3973 der
1083 3912 1182 3973 Scede
1208 3914 1317 3973 dienen

146 3996 228 4059 selle.
277 3994 491 4080 Ebensowem‘y
516 3999 625 4059 lconnle
651 4000 684 4057 in
710 3998 779 4059 dem
806 3998 921 4058 blorren
944 3997 1036 4058 dee
1063 4000 1111 4057 ein
1139 3999 1317 4058 desenderer

150 4080 239 4142 diost
256 4086 309 4162 fiir
330 4079 428 4142 Israel
445 4082 550 4164 lieyen.
601 4080 748 4144 Vielmeltr
774 4090 883 4143 maeste
904 4082 1041 4143 darnacd
1063 4084 1120 4143 das
1147 4083 1239 4144 Werlr
1260 4087 1316 4145 rei-

146 4185 201 4227 nes
222 4164 307 4227 Heilr
331 4166 393 4226 idm
420 4166 465 4229 als
487 4176 577 4228 etwas
602 4168 680 4228 nocis
708 4167 929 4248 redwieriyeres
957 4169 1022 4228 end
1041 4167 1318 4231 acnmciedbarerer
1342 4178 1346 4185 '

146 4250 329 4322 erscdeinen,
350 4254 415 4316 aad
432 4255 530 4313 reiner
549 4253 786 4332 Fascmyclcreft
805 4252 883 4312 noct
900 4256 1004 4332 ferner
1023 4253 1151 4331 qerie'clrt
1170 4255 1317 4315 werelen.“

145 4340 205 4414 (ll,
234 4356 303 4414 quas
327 4336 571 4398 reddimen
592 4343 661 4399 libro
684 4344 718 4398 de
739 4360 838 4399 resurr.
862 4358 934 4398 carn.
958 4342 987 4397 C.
1011 4337 1062 4397 30.
1086 4343 1119 4398 de
1141 4343 1203 4399 loco
1224 4351 1316 4401 nostro

145 4426 270 4484 disserit:
293 4422 352 4498 „dc
371 4442 469 4483 vacuo
490 4423 654 4484 rimilimdo
673 4443 734 4484 non
754 4424 909 4502 competit3
931 4423 970 4482 de
989 4420 1069 4483 rende
1088 4422 1236 4502 parabola
1257 4443 1316 4484 non

146 4508 287 4568 amenis
307 4510 383 4568 olef*
426 4512 481 4569 Sed
503 4512 573 4569 idem
595 4520 675 4585 errat,
696 4513 847 4586 imaginem,
871 4529 930 4584 qua,
953 4512 1024 4583 quod
1045 4513 1116 4568 Deus
1138 4512 1225 4568 lacere
1247 4526 1316 4587 pos-

146 4595 200 4668 sit,
223 4596 398 4670 siguificatur,
419 4596 456 4655 ita
477 4597 664 4672 interpretans,
686 4598 761 4674 quasi
782 4597 895 4670 indicet,
915 4596 980 4672 quid
999 4599 1072 4654 llam
1092 4597 1210 4654 lecturus
1229 4598 1278 4655 sit„
