3150 5300
769 464 821 538 56

302 878 519 959 Quaestionem
540 883 676 937 nostram
697 877 847 939 hactenus
870 875 913 937 ita
930 876 1135 952 tractavimus,
1157 883 1192 937 ut
1205 876 1321 937 nullam
1336 895 1386 936 ra-

217 981 332 1044 tionem
359 980 544 1041 baberemus
566 981 633 1061 ejus
655 980 823 1060 opinionis,
851 998 929 1058 quae
951 979 1031 1058 apud
1052 980 1164 1041 multos
1191 979 1386 1052 inveteravit,

216 1102 254 1148 ex
275 1082 468 1162 Magorum
495 1082 644 1163 religione
671 1082 843 1142 doctrinam
870 1081 910 1142 de
937 1082 1164 1143 resurrectione
1193 1086 1386 1141 mortuorum

214 1184 245 1247 lu
268 1182 339 1245 Vet.
362 1184 595 1246 Testamentum
623 1183 855 1264 immigravisse.
900 1183 1016 1260 Quodsi
1043 1185 1126 1245 euim
1154 1203 1192 1245 ex
1219 1185 1287 1263 ipso
1310 1182 1385 1245 vet.

214 1284 414 1347 Testamenta
441 1288 523 1348 illius
545 1287 704 1347 doctrinae
731 1291 765 1346 et
793 1290 878 1347 ortus
906 1292 938 1346 et
960 1306 1141 1367 progressus
1168 1286 1300 1366 intelligi
1328 1305 1384 1365 po·

212 1394 290 1463 test,
318 1389 461 1470 profecto
483 1391 559 1453 nibil
581 1390 679 1471 cogit,
701 1396 735 1450 ut
757 1390 957 1450 adventiciam
980 1410 1048 1450 eam
1070 1391 1297 1464 existimemus,
1326 1407 1383 1449 uos

211 1509 285 1552 vero
311 1492 344 1551 in
365 1494 575 1573 superioribus
603 1494 678 1554 satis
705 1492 947 1553 demonstratum
973 1500 1131 1572 putamus,
1159 1494 1192 1553 in
1218 1492 1285 1571 ipso
1310 1490 1381 1553 vet.

214 1592 415 1657 Testamento
436 1597 524 1676 plura
544 1596 663 1671 inesse,
692 1596 862 1674 exquibus
885 1615 923 1656 ea
945 1596 1130 1656 necessitate
1159 1594 1289 1673 quadam
1312 1599 1383 1673 apto

212 1703 304 1776 atque
330 1719 409 1760 nexa
435 1698 582 1759 videatur.
626 1697 674 1757 Ne
704 1703 808 1757 tamen
836 1716 942 1757 eorum
963 1699 1097 1758 virorum
1124 1698 1299 1772 doctorum,
1330 1695 1381 1775 qui

212 1800 362 1881 originem
391 1800 473 1860 illius
495 1799 646 1879 dogmatis
668 1799 790 1859 aliunde
811 1803 972 1878 repetunt,
998 1806 1117 1860 temere
1144 1799 1319 1879 neglexisse
1338 1798 1380 1859 vi·

210 1901 296 1978 deur,
318 1921 486 1982 proponam
506 1902 653 1978 breviter,
678 1901 751 1981 quid
772 1902 813 1962 de
834 1902 893 1962 bac
914 1921 950 1963 re
972 1902 1112 1963 sentiam.

296 2005 377 2065 Ante
399 2005 500 2065 omnia
520 2004 706 2066 monendum
728 2009 792 2078 est,
821 2023 891 2079 eos,
915 2005 966 2084 qui
989 2024 1027 2065 ex
1048 2004 1325 2066 Zendavestae
1344 2003 1380 2063 li·

211 2108 277 2169 bris
305 2128 397 2186 quum
425 2108 520 2168 multa
547 2107 622 2182 alia,
649 2112 716 2166 tum
743 2106 853 2186 dogma
880 2106 919 2166 de
941 2113 1131 2167 mortuorum
1151 2107 1380 2168 resurrectione

209 2211 242 2270 iu
263 2209 335 2272 Vet.
359 2210 592 2271 Testamentum
613 2209 761 2278 translata
783 2228 852 2268 esse
875 2215 1013 2283 censent,
1034 2228 1101 2269 rem
1124 2210 1274 2269 nonsatis
1291 2213 1380 2269 caute

210 2312 399 2373 tractavisse.
443 2311 522 2372 Nam
545 2331 637 2391 quum
663 2312 801 2391 ipsorum
823 2310 1035 2372 Zendavestae
1063 2312 1212 2371 librorum
1234 2312 1320 2391 origo
1348 2316 1382 2372 et

210 2420 295 2476 aetas
318 2414 491 2474 etiamnunc
512 2432 619 2492 parum
641 2413 808 2493 explorata,
831 2411 1059 2492 eorundemque
1074 2412 1289 2492 interpretatio
1304 2412 1380 2473 mul·

210 2516 344 2580 tilariam
365 2516 484 2576 incerta
506 2516 546 2576 sit
568 2536 603 2576 ac
626 2516 728 2591 dubia,
750 2522 848 2577 totam
870 2516 1095 2595 quaestionem,
1119 2515 1191 2594 quid
1211 2514 1321 2576 ludaei
1343 2535 1382 2576 ex

209 2619 248 2681 ils
270 2617 485 2693 assumserint,
514 2617 547 2678 iu
568 2638 677 2699 magna
698 2619 887 2680 obscuritate
913 2618 1029 2680 versari
1050 2634 1180 2680 necesse
1209 2624 1267 2680 est.
1311 2618 1382 2680 Hoc

209 2729 314 2784 tamen
336 2741 459 2796 eorum,
488 2722 540 2799 qui
562 2721 667 2782 literas
689 2722 842 2782 Zendicas
864 2741 902 2782 ex
922 2721 1061 2782 tenebris
1088 2721 1120 2780 in
1141 2720 1241 2781 lucem
1268 2740 1382 2782 vocare

209 2828 394 2904 coeperunt,
421 2823 572 2884 industria
600 2828 632 2884 et
656 2824 765 2885 'labore
788 2824 854 2905 jam
880 2823 1037 2905 praesenti
1063 2829 1204 2902 tempore
1233 2823 1382 2885 ellectum

207 2927 360 3001 videmus,
389 2930 423 2986 ut
449 2926 509 2986 ista
534 2926 574 2987 de
603 2927 814 3006 antiquissima
835 2927 1047 2988 Zendavestae
1075 2931 1177 2987 aetate
1205 2932 1382 2987 commenta

207 3029 353 3109 paulatim
379 3035 563 3089 evanescant
589 3048 625 3090 ac
648 3031 742 3110 magis
764 3031 921 3110 magisque
942 3029 1102 3110 probabile
1124 3028 1195 3104 liat,
1223 3029 1380 3102 nonnulla,
1431 3108 1433 3112 Ι

206 3132 238 3191 in
267 3131 375 3209 quibus
403 3132 598 3192 Zendavesta
626 3153 694 3192 cum
724 3131 796 3194 Vet.
825 3132 1027 3192 Testamento
1056 3132 1166 3192 mirum
1193 3131 1224 3190 in
1251 3129 1378 3188 modum

207 3234 364 3308 convenit,
392 3254 452 3294 non
474 3235 534 3294 boc
557 3234 594 3293 ab
617 3235 687 3309 illo,
711 3234 767 3294 sed
788 3234 892 3313 potius
915 3234 1001 3294 illum
1023 3235 1060 3294 ab
1083 3235 1144 3295 hoc
1166 3250 1234 3294 esse
1256 3234 1364 3291 mutua

206 3342 271 3402 tum
294 3332 363 3418 ¹¹⁰).
408 3335 539 3397 Omnino
561 3341 630 3396 utut
651 3336 691 3396 de
712 3336 935 3396 vaticinationis
957 3335 1020 3397 Jes.
1045 3336 1079 3396 0.
1101 3331 1248 3396 nrt-27.
1271 3324 1379 3395 aetate

201 3437 405 3520 judicaveris,
435 3443 536 3513 certe,
560 3444 722 3517 antequam
743 3437 868 3500 ludaeis
891 3458 958 3498 cunr
981 3438 1085 3499 Persis
1107 3438 1203 3502 fuerit
1225 3456 1378 3498 commer-

208 3541 298 3615 cium,
321 3559 387 3600 eam
411 3541 617 3620 conscriptam
639 3559 720 3616 esse,
743 3541 836 3601 facile
857 3541 915 3601 tibi
936 3540 1146 3620 persuadebis.
1190 3556 1200 3571 ‘

292 3641 361 3702 Alio
382 3647 485 3702 autem
513 3663 610 3722 eaque
637 3644 756 3723 gravior
784 3664 822 3705 ea
843 3644 898 3718 iis,
927 3663 1004 3721 quae
1026 3643 1177 3704 Movers
1200 3661 1298 3721 nuper
1325 3642 1379 3721 (in

206 3742 370 3811 libro'Die
392 3743 554 3812 Pldnicier
577 3745 614 3806 T.
637 3746 680 3822 l.)
703 3746 883 3825 disputavit,
907 3747 1043 3812 exoritur
1065 3744 1218 3824 quaestio,
1242 3763 1313 3804 num
1337 3746 1376 3805 ab

205 3846 393 3925 Assyriis,
428 3847 508 3927 apud
535 3867 610 3927 quos
636 3848 798 3929 Magorum
825 3848 987 3929 disciplina
1013 3846 1165 3927 antiquior
1192 3849 1261 3908 erat
1285 3866 1378 3925 quam

206 3948 286 4028 apud
306 3947 433 4024 Persas,
461 3949 617 4016 israelitae
640 3970 727 4030 spern
749 3951 984 4016 resurrectionis
1013 3943 1201 4016 mortuorum
1223 3967 1376 4010 assumse-

291 4135 363 4213 110)
385 4141 442 4196 lluc
464 4159 489 4197 e.
512 4160 540 4214 g.
564 4148 668 4215 spectat
689 4142 826 4199 Stuhrii
848 4143 945 4216 (Relig.
969 4148 1037 4213 syst.
1061 4142 1109 4197 der
1130 4141 1234 4196 Vblkar
1255 4141 1304 4196 des
1327 4141 1374 4198 Or.

203 4242 230 4297 p.
254 4219 328 4297 373)
351 4225 384 4280 de
406 4223 554 4283 Sosiosobo
576 4228 716 4285 sententia.
738 4259 780 4269 -
802 4229 831 4283 ln
853 4229 1034 4284 Zendavestae
1055 4227 1149 4297 libros,
1172 4225 1276 4282 etiamsi
1291 4228 1374 4284 multo

204 4310 305 4380 serius,
334 4327 411 4382 quam
432 4313 495 4368 olim
516 4305 668 4386 putabatur,
697 4313 842 4386 conscripti
869 4313 937 4384 sint,
964 4313 1074 4385 plurima
1101 4320 1187 4369 tamen
1216 4328 1252 4366 ex
1278 4318 1373 4368 vetere

203 4395 339 4468 Magorum
359 4397 491 4470 religione
512 4399 660 4469 transiisse,
684 4415 761 4455 nerno
783 4398 901 4468 negabit.
945 4397 999 4453 Sed
1020 4400 1087 4454 baec
1108 4398 1176 4471 ipsa,
1198 4397 1250 4453 nisi
1273 4413 1308 4452 ex
1328 4398 1372 4467 iis,

204 4497 270 4621 qqae
291 4481 396 4578 aliunde
423 4484 457 4540 de
478 4484 614 4556 llagorunr
636 4483 756 4541 doctrina
784 4489 920 4555 compertu
948 4483 1090 4555 babemus,
1118 4483 1164 4540 vix
1186 4489 1299 4556 possunt
1326 4482 1372 4543 ti-

185 4582 227 4637 ,ιιι
242 4583 318 4621 rem.
