3150 5300
820 479 873 557 34

264 687 398 750 volentia
427 692 511 751 stare
538 687 652 770 possit,
684 686 760 748 satis
789 685 943 765 explicare
971 690 1085 765 potest.
1141 684 1434 748 Remunerationem

264 792 389 873 pietatis
412 797 445 864 et
466 791 611 852 mulorum
632 787 828 849 terrestrium
851 789 1131 867 compensationem
1154 795 1226 868 post
1240 792 1371 849 mortem
1385 785 1433 847 lu·
1454 829 1457 833 -

264 899 365 955 turam
386 895 436 955 lex
457 889 593 951 Mosaios
618 890 678 970 piis
700 890 758 950 Dei
781 890 950 951 cultoribus
980 910 1131 970 nunquam
1157 891 1310 971 proponit.
1353 888 1434 948 Dum

264 997 376 1069 urunt,
398 993 455 1054 Dei
475 992 601 1071 propitii
622 993 792 1054 bonitatem
816 997 849 1053 et
871 993 1066 1053 clementiam
1088 1012 1141 1052 eos
1157 992 1290 1071 experiri
1304 1009 1434 1051 necesse

265 1104 324 1171 cst,
347 1113 475 1173 eamque
497 1096 617 1175 experti
639 1096 781 1174 profecto
803 1097 888 1157 beatl
910 1102 996 1171 aunt,
1025 1115 1083 1157 nec
1105 1095 1283 1157 desiderant
1303 1093 1434 1153 felicita-

263 1205 328 1259 tem
350 1196 478 1257 mortuis
500 1203 685 1258 eventuram.
712 1232 756 1244 —
783 1198 976 1258 Tristissimus
997 1198 1122 1278 quidem
1144 1203 1208 1271 est,
1238 1216 1315 1275 quae
1338 1195 1434 1255 omni·

263 1301 321 1362 bus
340 1299 490 1373 imminet,
512 1279 701 1359 mortuorum
723 1299 873 1359 conditio:
896 1300 977 1380 quod
1000 1280 1038 1359 bx
1059 1300 1098 1360 iis
1120 1300 1205 1379 ipsis,
1229 1318 1306 1378 quae
1321 1299 1434 1358 hucus-

264 1421 324 1482 que
346 1402 550 1482 exposuimus,
572 1401 762 1480 intelligitur.
807 1400 1026 1463 Verumtamen
1056 1407 1142 1463 certe
1171 1402 1202 1461 in
1223 1400 1435 1461 Pentateucho

264 1504 398 1564 nondum
420 1524 457 1565 ea
477 1503 633 1583 reperitur
654 1504 761 1563 mortis
776 1508 868 1581 atquc
882 1503 1051 1564 inferorum
1074 1503 1216 1579 formido,
1239 1523 1316 1582 quac
1332 1506 1435 1581 poste·

262 1606 397 1667 floribus
419 1606 609 1686 temporibus
631 1606 752 1685 piorum
774 1607 905 1667 maxime
928 1607 1112 1667 excruciavit
1140 1606 1265 1666 animos.
1309 1605 1436 1664 Etenim

263 1708 372 1780 sedato
394 1710 495 1769 animo
517 1714 648 1769 mortem
671 1713 851 1788 exspectant
872 1709 1076 1788 patriarchae,
1099 1730 1191 1789 quum
1213 1711 1315 1768 aetate
1337 1707 1435 1787 ingra-

260 1815 410 1873 vescente
426 1811 493 1891 jam
514 1809 643 1869 saturati
665 1809 727 1870 sint
748 1810 837 1871 bouis
859 1811 1060 1872 terrestribus
1089 1817 1122 1871 et
1142 1829 1212 1872 suas
1233 1810 1266 1870 in
1288 1814 1372 1869 terra
1394 1808 1435 1868 vi-

264 1930 318 1974 ces
340 1912 540 1991 expleverint.
582 1911 751 1973 Fessomm
772 1913 869 1973 instar
889 1914 1037 1973 viatorum
1059 1919 1131 1993 post
1152 1912 1323 1973 diuturnam
1345 1931 1436 1990 pere-

264 2013 476 2096 grinationem,
500 2032 628 2094 quacum
649 2015 712 2074 vita
732 2018 893 2077 terrestris
916 2015 1118 2095 comparanda
1140 2020 1189 2075 est
1211 2014 1304 2095 (Gen.
1326 2009 1379 2087 47,
1405 2006 1450 2096 9.,

265 2117 336 2179 coll
362 2111 568 2190 Ps.39,13.
599 2112 749 2178 lGlrrou.
771 2114 828 2192 29,
853 2112 933 2197 15),
963 2119 1099 2198 quietem
1126 2118 1316 2190 desiderant,
1346 2134 1437 2194 quam

265 2219 326 2280 sibi
347 2218 428 2297 apud
448 2218 566 2278 inferos
587 2224 724 2298 paratam
745 2220 814 2281 sore
836 2226 970 2300 sperant.
1000 2220 1206 2282 Morientibus
1230 2220 1356 2297 insuper
1374 2217 1436 2277 hoc

265 2321 403 2400 suppetit
424 2320 581 2395 solatium,
604 2321 700 2401 quod,
724 2327 886 2401 antequam
909 2342 947 2382 ex
968 2323 1027 2383 hac
1049 2323 1111 2383 vita
1133 2323 1279 2402 migrant,
1302 2325 1336 2380 et
1357 2319 1436 2379 lilio-

265 2442 334 2484 rum
360 2421 545 2483 felicitatem
572 2430 812 2503 conspexerunt,
842 2430 874 2486 et
895 2425 1029 2504 posteris
1051 2425 1083 2485 in
1105 2425 1326 2505 sempiternum
1347 2421 1438 2481 firma

265 2524 349 2600 lore,
376 2544 454 2606 quae
474 2525 558 2585 Deus
585 2526 742 2606 promisit,
770 2526 846 2587 laeti
871 2526 1029 2588 confidunt
1050 2526 1143 2609 (Gen.
1165 2522 1217 2605 48,
1239 2523 1291 2586 21.
1318 2520 1370 2597 50,
1393 2518 1437 2583 24

265 2632 300 2716 et
326 2627 364 2688 a
385 2624 446 2705 ⁷⁰),
482 2627 551 2689 0011.
576 2627 636 2693 nx
663 2623 722 2706 20,
748 2623 810 2709 6.).
859 2627 928 2691 noc
955 2637 1005 2691 est
1030 2630 1107 2692 uua
1133 2630 1212 2692 mori
1247 2607 1373 2728 niso]
1404 2632 1437 2687 et

266 2768 369 2865 152th
392 2762 520 2869 ,ψὲρῇ
544 2763 623 2824 Gen.
647 2759 698 2839 15,
723 2761 773 2825 15.
796 2761 847 2838 25,
870 2760 901 2826 8.
925 2772 958 2827 et
972 2766 1011 2828 ul.
1033 2801 1074 2814 -
1096 2765 1217 2844 (Longe
1239 2763 1329 2823 aliter
1343 2721 1436 2842 atque

265 2898 463 2997 Patriarcbae
489 2899 528 2960 de
551 2899 643 2960 sortis
670 2906 742 2981 post
764 2906 895 2963 mortem
917 2901 1040 2964 futurae
1061 2900 1230 2963 acerbitate
1256 2901 1437 2979 posteriori-

352 2990 529 3281 Ἰθῑῐιι
550 3196 691 3269 referenda
712 3211 837 3271 videntur
858 3214 939 3270 verba
961 3166 1099 3266 morientis
1117 3206 1212 3263 Jacobi
1227 3205 1291 3260 Gen.
1308 3202 1358 3273 49,
1383 3201 1434 3262 18.

267 3305 349 3369 mm
378 3276 507 3408 ’n'lp'j'b
528 3277 686 3374 mults,
716 3299 812 3371 quibus
837 3299 933 3354 beatae
953 3289 1156 3348 immortulitatis
1183 3305 1258 3361 spem
1280 3305 1436 3361 expressam

268 3414 342 3468 esse,
364 3304 605 3470 nonnulliGpinrti
627 3407 697 3456 sunt.
732 3402 804 3456 Reno
826 3414 858 3454 ca
879 3392 1042 3455 calvinus
1063 3391 1103 3458 dn
1126 3407 1220 3448 comm.
1243 3391 1276 3447 nd
1298 3389 1375 3466 Gen.)
1397 3393 1437 3450 ito

267 3483 424 3552 illustravit,
447 3472 608 3557 „cadmo
629 3482 734 3542 cidem
747 3477 854 3540 multas
868 3473 1024 3544 molestias,
1045 3471 1136 3535 mutto
1156 3473 1341 3542 discobolon,
1363 3474 1436 3534 mul

266 3562 466 3637 asumma,
487 3560 593 3631 *wib
614 3567 703 3633 etiam
724 3564 836 3632 clades,
858 3560 1062 3642 quaeramini
1082 3579 1135 3618 cuo
1150 3558 1271 3618 totidem
1286 3559 1437 3620 minantur

267 3650 378 3724 exitio,
395 3649 464 3727 ficri
483 3667 544 3708 noo
560 3655 675 3729 potest,
698 3651 770 3730 puto
792 3644 957 3714 condolent,
980 3651 1069 3725 utque
1091 3644 1179 3702 etiam
1200 3643 1363 3702 secondum
1383 3641 1435 3703 bo-

266 3734 374 3792 minem
394 3732 535 3792 turbetur.
584 3733 692 3793 Verum
712 3739 746 3792 ut
765 3732 889 3791 uictrice
910 3730 1003 3790 animi
1024 3729 1191 3789 constantio
1217 3733 1322 3787 contro
1350 3748 1437 3788 omne

266 3818 458 3879 Monam
476 3837 572 3897 penus
593 3819 742 3896 impet,
764 3834 828 3877 sese
850 3815 894 3876 od
913 3814 1074 3875 Dominum
1096 3816 1253 3892 monsfort,
1276 3814 1328 3893 qui
1345 3811 1435 3890 polli-

267 3902 344 3963 citus
359 3905 473 3985 ficerat,
494 3921 526 3963 ac
547 3900 627 3963 cuim
643 3899 754 3981 pupuli
771 3904 841 3980 fore
852 3899 1048 3978 praesidium.
1063 3932 1106 3944 -
1120 3933 1162 3944 —-
1180 3895 1367 3978 Quamquam
1383 3919 1435 3957 ou-

266 3993 324 4047 tcm
343 4004 405 4048 soon
424 3986 482 4047 rita·
498 3987 643 4066 privatim
660 3984 757 4046 Jacob
778 3983 909 4055 odotem,
931 3985 987 4046 sed
995 3985 1126 4064 posteris
1139 3983 1201 4042 suis
1222 3981 1355 4042 omnibus
1369 4003 1435 4062 rpe-

265 4073 361 4145 rocit:
382 4071 440 4132 loc
461 4077 559 4132 tomen
577 4074 683 4133 notatu
703 4070 828 4150 diffluum
850 4077 905 4146 est,
929 4069 1012 4151 qood
1032 4070 1064 4128 io
1085 4066 1178 4128 multo
1199 4065 1319 4128 scemata
1341 4074 1435 4127 osten·

266 4156 314 4217 dit
333 4154 521 4236 salutiferum
542 4152 605 4215 Dei
621 4155 747 4234 foedus,
768 4161 804 4215 at
822 4175 854 4215 se
874 4161 988 4215 montoso
1013 4153 1109 4213 Deum
1127 4157 1197 4233 fore
1218 4171 1353 4212 emacem
1375 4172 1436 4212 ooo

267 4237 390 4302 dubitet.
423 4239 510 4301 Unde
531 4239 620 4299 etium
641 4241 782 4321 aequiter,
805 4240 882 4300 inter
903 4238 1020 4299 cdttmos
1041 4240 1166 4317 spiritus
1188 4244 1217 4296 et
1230 4238 1318 4319 qnod
1331 4238 1364 4296 tn
1378 4256 1435 4296 me·

268 4326 322 4387 dia
343 4331 436 4385 morte
456 4325 547 4383 vitam
569 4329 718 4384 ocwmtom
740 4324 1003 4405 apprehendisse.“
1045 4328 1152 4384 Rectius
1174 4327 1284 4397 dixeris,
1306 4326 1436 4384 iacobum

267 4416 304 4472 ita
326 4414 409 4493 loqui,
431 4421 461 4470 ut
480 4429 545 4469 snae
566 4413 654 4486 gentis
676 4413 761 4470 lutum
782 4416 893 4471 saecula
915 4414 949 4470 od
970 4429 1001 4469 se
1022 4412 1109 4487 ipsum
1123 4429 1227 4486 quoque
1242 4410 1376 4487 pertinere
1389 4410 1436 4467 in-

267 4501 387 4574 telligat,
418 4500 520 4572 inquo
543 4515 623 4556 sensu
643 4499 714 4556 vitae
736 4506 861 4556 aeternae
887 4498 1018 4574 quoddam
1046 4498 1183 4573 augrlrium
1209 4498 1300 4554 inesse
1319 4494 1434 4554 videtur.

268 4586 309 4642 (tl.
331 4602 399 4660 quac
420 4591 483 4660 post
504 4584 547 4658 (E,
569 4581 614 4660 3.)
637 4586 846 4661 disputabuntur.
918 4610 929 4683 ·'
