<?xml version="1.0" encoding="UTF-8"?>
<!DOCTYPE html PUBLIC "-//W3C//DTD XHTML 1.0 Transitional//EN"
    "http://www.w3.org/TR/xhtml1/DTD/xhtml1-transitional.dtd">
<html xmlns="http://www.w3.org/1999/xhtml" xml:lang="en" lang="en">
 <head>
  <title>
</title>
<meta http-equiv="Content-Type" content="text/html;charset=utf-8" />
  <meta name='ocr-system' content='tesseract 3.04.00' />
  <meta name='ocr-capabilities' content='ocr_page ocr_carea ocr_par ocr_line ocrx_word'/>
</head>
<body>
  <div class='ocr_page' id='page_1' title='image "./veteristestamen00oehlgoog_0077.png"; bbox 0 0 3150 5300; ppageno 0'>
   <div class='ocr_carea' id='block_1_1' title="bbox 760 513 810 588">
    <p class='ocr_par' dir='ltr' id='par_1_1' title="bbox 760 513 810 588">
     <span class='ocr_line' id='line_1_1' title="bbox 760 513 810 588; baseline 0 0"><span class='ocrx_word' id='word_1_1' title='bbox 760 513 810 588; x_wconf 87' lang='grc'>63</span> 
     </span>
    </p>
   </div>
   <div class='ocr_carea' id='block_1_2' title="bbox 198 716 1444 1720">
    <p class='ocr_par' dir='ltr' id='par_1_2' title="bbox 198 716 1444 1720">
     <span class='ocr_line' id='line_1_2' title="bbox 199 716 1367 799; baseline -0.002 -18"><span class='ocrx_word' id='word_1_2' title='bbox 199 721 276 781; x_wconf 88' lang='lat' dir='ltr'>tiam</span> <span class='ocrx_word' id='word_1_3' title='bbox 299 740 317 779; x_wconf 88' lang='lat' dir='ltr'>a</span> <span class='ocrx_word' id='word_1_4' title='bbox 338 718 500 799; x_wconf 82' lang='lat' dir='ltr'>Magorum</span> <span class='ocrx_word' id='word_1_5' title='bbox 521 718 682 798; x_wconf 80' lang='lat' dir='ltr'><strong>disciplina</strong></span> <span class='ocrx_word' id='word_1_6' title='bbox 703 719 835 779; x_wconf 88' lang='lat' dir='ltr'>alienam</span> <span class='ocrx_word' id='word_1_7' title='bbox 855 716 963 792; x_wconf 84' lang='lat' dir='ltr'>fuisse,</span> <span class='ocrx_word' id='word_1_8' title='bbox 986 736 1024 779; x_wconf 85' lang='lat' dir='ltr'>er</span> <span class='ocrx_word' id='word_1_9' title='bbox 1045 718 1221 797; x_wconf 88' lang='lat' dir='ltr'>sepulturae</span> <span class='ocrx_word' id='word_1_10' title='bbox 1242 737 1367 799; x_wconf 81' lang='lat' dir='ltr'>genere,</span> 
     </span>
     <span class='ocr_line' id='line_1_3' title="bbox 198 814 1369 902; baseline -0.002 -20"><span class='ocrx_word' id='word_1_11' title='bbox 198 841 262 902; x_wconf 89' lang='lat' dir='ltr'>quo</span> <span class='ocrx_word' id='word_1_12' title='bbox 284 822 330 882; x_wconf 87' lang='lat' dir='ltr'>issi</span> <span class='ocrx_word' id='word_1_13' title='bbox 352 814 525 896; x_wconf 78' lang='lat' dir='ltr'>utebantur,</span> <span class='ocrx_word' id='word_1_14' title='bbox 549 821 661 901; x_wconf 88' lang='lat' dir='ltr'>conjiei</span> <span class='ocrx_word' id='word_1_15' title='bbox 681 827 796 900; x_wconf 93' lang='lat' dir='ltr'>potest.</span> <span class='ocrx_word' id='word_1_16' title='bbox 819 856 861 866; x_wconf 91' lang='lat'><em>-</em></span> <span class='ocrx_word' id='word_1_17' title='bbox 882 820 1087 880; x_wconf 76' lang='lat' dir='ltr'>israelitarum</span> <span class='ocrx_word' id='word_1_18' title='bbox 1109 820 1202 880; x_wconf 90' lang='lat' dir='ltr'>moris</span> <span class='ocrx_word' id='word_1_19' title='bbox 1225 826 1306 895; x_wconf 83' lang='lat' dir='ltr'>erat,</span> <span class='ocrx_word' id='word_1_20' title='bbox 1333 826 1369 880; x_wconf 90' lang='lat' dir='ltr'>ut</span> 
     </span>
     <span class='ocr_line' id='line_1_4' title="bbox 199 920 1368 1002; baseline -0.003 -17"><span class='ocrx_word' id='word_1_21' title='bbox 199 930 391 986; x_wconf 89' lang='lat' dir='ltr'>mortuorum</span> <span class='ocrx_word' id='word_1_22' title='bbox 418 943 546 1002; x_wconf 85' lang='lat' dir='ltr'>corpora</span> <span class='ocrx_word' id='word_1_23' title='bbox 573 923 772 983; x_wconf 78' lang='lat' dir='ltr'>humarentur</span> <span class='ocrx_word' id='word_1_24' title='bbox 795 920 870 999; x_wconf 72' lang='lat'><strong>¹²⁵);</strong></span> <span class='ocrx_word' id='word_1_25' title='bbox 908 941 966 982; x_wconf 87' lang='lat' dir='ltr'>neo</span> <span class='ocrx_word' id='word_1_26' title='bbox 993 922 1150 1001; x_wconf 89' lang='lat' dir='ltr'>quisquam</span> <span class='ocrx_word' id='word_1_27' title='bbox 1177 922 1368 996; x_wconf 78' lang='lat' dir='ltr'>infitiabitur,</span> 
     </span>
     <span class='ocr_line' id='line_1_5' title="bbox 200 1025 1368 1110; baseline -0.003 -21"><span class='ocrx_word' id='word_1_28' title='bbox 200 1048 271 1099; x_wconf 82' lang='lat' dir='ltr'>oum</span> <span class='ocrx_word' id='word_1_29' title='bbox 293 1027 355 1085; x_wconf 88' lang='lat' dir='ltr'>hoe</span> <span class='ocrx_word' id='word_1_30' title='bbox 377 1026 552 1105; x_wconf 90' lang='lat' dir='ltr'>sepulturae</span> <span class='ocrx_word' id='word_1_31' title='bbox 574 1044 662 1086; x_wconf 89' lang='lat' dir='ltr'>more</span> <span class='ocrx_word' id='word_1_32' title='bbox 684 1025 854 1085; x_wconf 81' lang='lat' dir='ltr'>arctissime</span> <span class='ocrx_word' id='word_1_33' title='bbox 877 1025 1045 1110; x_wconf 74' lang='lat' dir='ltr'>cohaerere</span> <span class='ocrx_word' id='word_1_34' title='bbox 1067 1025 1237 1085; x_wconf 85' lang='lat' dir='ltr'>doctrinam</span> <span class='ocrx_word' id='word_1_35' title='bbox 1258 1025 1298 1085; x_wconf 90' lang='lat' dir='ltr'>de</span> <span class='ocrx_word' id='word_1_36' title='bbox 1318 1045 1368 1085; x_wconf 88' lang='lat' dir='ltr'>re-</span> 
     </span>
     <span class='ocr_line' id='line_1_6' title="bbox 200 1126 1369 1207; baseline -0.003 -16"><span class='ocrx_word' id='word_1_37' title='bbox 200 1129 410 1203; x_wconf 83' lang='lat' dir='ltr'>surrectione,</span> <span class='ocrx_word' id='word_1_38' title='bbox 444 1128 542 1205; x_wconf 91' lang='lat' dir='ltr'>qualis</span> <span class='ocrx_word' id='word_1_39' title='bbox 570 1128 602 1187; x_wconf 94' lang='lat' dir='ltr'>in</span> <span class='ocrx_word' id='word_1_40' title='bbox 629 1126 700 1189; x_wconf 80' lang='lat' dir='ltr'>Vel.</span> <span class='ocrx_word' id='word_1_41' title='bbox 730 1126 931 1187; x_wconf 81' lang='lat' dir='ltr'>Testamenta</span> <span class='ocrx_word' id='word_1_42' title='bbox 959 1127 1116 1206; x_wconf 89' lang='lat' dir='ltr'>proposita</span> <span class='ocrx_word' id='word_1_43' title='bbox 1144 1132 1201 1187; x_wconf 88' lang='lat' dir='ltr'>est.</span> <span class='ocrx_word' id='word_1_44' title='bbox 1251 1128 1369 1207; x_wconf 83' lang='lat' dir='ltr'>Corpus</span> 
     </span>
     <span class='ocr_line' id='line_1_7' title="bbox 199 1229 1369 1308; baseline -0.003 -14"><span class='ocrx_word' id='word_1_45' title='bbox 199 1239 305 1294; x_wconf 83' lang='lat' dir='ltr'>terrae</span> <span class='ocrx_word' id='word_1_46' title='bbox 328 1231 414 1308; x_wconf 88' lang='lat' dir='ltr'>quasi</span> <span class='ocrx_word' id='word_1_47' title='bbox 437 1230 648 1304; x_wconf 84' lang='lat' dir='ltr'>committitur,</span> <span class='ocrx_word' id='word_1_48' title='bbox 669 1237 703 1290; x_wconf 95' lang='lat' dir='ltr'>ut</span> <span class='ocrx_word' id='word_1_49' title='bbox 726 1249 762 1290; x_wconf 91' lang='lat' dir='ltr'>eo</span> <span class='ocrx_word' id='word_1_50' title='bbox 785 1250 882 1308; x_wconf 90' lang='lat' dir='ltr'>usque</span> <span class='ocrx_word' id='word_1_51' title='bbox 903 1229 978 1289; x_wconf 93' lang='lat' dir='ltr'>illud</span> <span class='ocrx_word' id='word_1_52' title='bbox 1000 1229 1126 1304; x_wconf 80' lang='lat' dir='ltr'>condat,</span> <span class='ocrx_word' id='word_1_53' title='bbox 1149 1229 1248 1290; x_wconf 88' lang='lat' dir='ltr'>donee</span> <span class='ocrx_word' id='word_1_54' title='bbox 1268 1249 1369 1290; x_wconf 88' lang='lat' dir='ltr'>resur-</span> 
     </span>
     <span class='ocr_line' id='line_1_8' title="bbox 203 1331 1371 1411; baseline -0.003 -16"><span class='ocrx_word' id='word_1_55' title='bbox 203 1334 352 1397; x_wconf 78' lang='lat' dir='ltr'><strong>rectionis</strong></span> <span class='ocrx_word' id='word_1_56' title='bbox 380 1333 431 1393; x_wconf 92' lang='lat' dir='ltr'>die</span> <span class='ocrx_word' id='word_1_57' title='bbox 454 1333 571 1392; x_wconf 89' lang='lat' dir='ltr'>animae</span> <span class='ocrx_word' id='word_1_58' title='bbox 593 1332 783 1393; x_wconf 90' lang='lat' dir='ltr'>reddendum</span> <span class='ocrx_word' id='word_1_59' title='bbox 811 1333 861 1392; x_wconf 93' lang='lat' dir='ltr'>sit.</span> <span class='ocrx_word' id='word_1_60' title='bbox 905 1332 989 1411; x_wconf 84' lang='lat' dir='ltr'><strong>Magi</strong></span> <span class='ocrx_word' id='word_1_61' title='bbox 1011 1337 1117 1392; x_wconf 85' lang='lat' dir='ltr'>contra</span> <span class='ocrx_word' id='word_1_62' title='bbox 1138 1331 1371 1392; x_wconf 90' lang='lat' dir='ltr'>detestabantur</span> 
     </span>
     <span class='ocr_line' id='line_1_9' title="bbox 206 1434 1370 1513; baseline -0.003 -16"><span class='ocrx_word' id='word_1_63' title='bbox 206 1437 383 1498; x_wconf 79' lang='lat' dir='ltr'>cadaverum</span> <span class='ocrx_word' id='word_1_64' title='bbox 405 1435 629 1509; x_wconf 77' lang='lat' dir='ltr'>humationem,</span> <span class='ocrx_word' id='word_1_65' title='bbox 652 1436 793 1513; x_wconf 87' lang='lat' dir='ltr'>quoniam</span> <span class='ocrx_word' id='word_1_66' title='bbox 814 1434 976 1513; x_wconf 86' lang='lat' dir='ltr'>putredine</span> <span class='ocrx_word' id='word_1_67' title='bbox 999 1453 1104 1493; x_wconf 85' lang='lat' dir='ltr'>eorum</span> <span class='ocrx_word' id='word_1_68' title='bbox 1126 1439 1256 1508; x_wconf 84' lang='lat' dir='ltr'>terram,</span> <span class='ocrx_word' id='word_1_69' title='bbox 1277 1453 1370 1495; x_wconf 89' lang='lat' dir='ltr'>unum</span> 
     </span>
     <span class='ocr_line' id='line_1_10' title="bbox 202 1532 1370 1617; baseline -0.002 -17"><span class='ocrx_word' id='word_1_70' title='bbox 202 1558 243 1600; x_wconf 81' lang='lat' dir='ltr'>ex</span> <span class='ocrx_word' id='word_1_71' title='bbox 262 1539 359 1598; x_wconf 90' lang='lat' dir='ltr'>sacris</span> <span class='ocrx_word' id='word_1_72' title='bbox 382 1538 554 1613; x_wconf 84' lang='lat' dir='ltr'>elementis,</span> <span class='ocrx_word' id='word_1_73' title='bbox 577 1536 777 1598; x_wconf 88' lang='lat' dir='ltr'>eentaminari</span> <span class='ocrx_word' id='word_1_74' title='bbox 800 1538 969 1596; x_wconf 80' lang='lat' dir='ltr'>censebant</span> <span class='ocrx_word' id='word_1_75' title='bbox 991 1532 1059 1611; x_wconf 77' lang='grc'>126).</span> <span class='ocrx_word' id='word_1_76' title='bbox 1102 1536 1151 1596; x_wconf 82' lang='lat' dir='ltr'>Ex</span> <span class='ocrx_word' id='word_1_77' title='bbox 1173 1556 1278 1597; x_wconf 90' lang='lat' dir='ltr'>eorum</span> <span class='ocrx_word' id='word_1_78' title='bbox 1299 1537 1370 1617; x_wconf 91' lang='lat' dir='ltr'>lege</span> 
     </span>
     <span class='ocr_line' id='line_1_11' title="bbox 203 1637 1444 1720; baseline -0.005 -19"><span class='ocrx_word' id='word_1_79' title='bbox 203 1660 334 1720; x_wconf 81' lang='lat' dir='ltr'>corpora</span> <span class='ocrx_word' id='word_1_80' title='bbox 355 1647 542 1700; x_wconf 91' lang='lat' dir='ltr'>mortuorum</span> <span class='ocrx_word' id='word_1_81' title='bbox 565 1640 596 1700; x_wconf 94' lang='lat' dir='ltr'>in</span> <span class='ocrx_word' id='word_1_82' title='bbox 619 1640 702 1700; x_wconf 92' lang='lat' dir='ltr'>edito</span> <span class='ocrx_word' id='word_1_83' title='bbox 723 1640 792 1699; x_wconf 88' lang='lat' dir='ltr'>loeo</span> <span class='ocrx_word' id='word_1_84' title='bbox 815 1637 990 1714; x_wconf 80' lang='lat' dir='ltr'>(Dokbrne)</span> <span class='ocrx_word' id='word_1_85' title='bbox 1014 1638 1192 1717; x_wconf 87' lang='lat' dir='ltr'>exponenda</span> <span class='ocrx_word' id='word_1_86' title='bbox 1213 1645 1315 1714; x_wconf 78' lang='lat' dir='ltr'>erant,</span> <span class='ocrx_word' id='word_1_87' title='bbox 1336 1648 1372 1700; x_wconf 88' lang='lat' dir='ltr'>ut</span> <span class='ocrx_word' id='word_1_88' title='bbox 1442 1691 1444 1695; x_wconf 87' lang='lat'><strong>.</strong></span> 
     </span>
    </p>
   </div>
   <div class='ocr_carea' id='block_1_3' title="bbox 203 1737 1460 1821">
    <p class='ocr_par' dir='ltr' id='par_1_3' title="bbox 203 1737 1460 1821">
     <span class='ocr_line' id='line_1_12' title="bbox 203 1737 1460 1821; baseline -0.001 -17"><span class='ocrx_word' id='word_1_89' title='bbox 203 1764 222 1803; x_wconf 87' lang='lat' dir='ltr'>a</span> <span class='ocrx_word' id='word_1_90' title='bbox 241 1743 353 1803; x_wconf 85' lang='lat' dir='ltr'>bestiis</span> <span class='ocrx_word' id='word_1_91' title='bbox 376 1749 409 1802; x_wconf 92' lang='lat' dir='ltr'>et</span> <span class='ocrx_word' id='word_1_92' title='bbox 430 1743 604 1803; x_wconf 86' lang='lat' dir='ltr'>volueribus</span> <span class='ocrx_word' id='word_1_93' title='bbox 626 1742 812 1803; x_wconf 88' lang='lat' dir='ltr'>laniarentur</span> <span class='ocrx_word' id='word_1_94' title='bbox 834 1737 908 1821; x_wconf 76' lang='grc'>127);</span> <span class='ocrx_word' id='word_1_95' title='bbox 940 1760 1010 1801; x_wconf 92' lang='lat' dir='ltr'>ossa</span> <span class='ocrx_word' id='word_1_96' title='bbox 1030 1740 1147 1819; x_wconf 88' lang='lat' dir='ltr'>reliqua</span> <span class='ocrx_word' id='word_1_97' title='bbox 1173 1742 1204 1800; x_wconf 94' lang='lat' dir='ltr'>in</span> <span class='ocrx_word' id='word_1_98' title='bbox 1227 1760 1371 1803; x_wconf 88' lang='lat' dir='ltr'>cavernas</span> <span class='ocrx_word' id='word_1_99' title='bbox 1457 1776 1460 1783; x_wconf 94' lang='lat'>·</span> 
     </span>
    </p>
   </div>
   <div class='ocr_carea' id='block_1_4' title="bbox 204 1841 1370 1925">
    <p class='ocr_par' dir='ltr' id='par_1_4' title="bbox 204 1841 1370 1925">
     <span class='ocr_line' id='line_1_13' title="bbox 204 1841 1370 1925; baseline -0.002 -19"><span class='ocrx_word' id='word_1_100' title='bbox 204 1846 355 1907; x_wconf 87' lang='lat' dir='ltr'>mastiche</span> <span class='ocrx_word' id='word_1_101' title='bbox 384 1845 496 1905; x_wconf 92' lang='lat' dir='ltr'>oblitas</span> <span class='ocrx_word' id='word_1_102' title='bbox 519 1845 660 1925; x_wconf 86' lang='lat' dir='ltr'>conjecta</span> <span class='ocrx_word' id='word_1_103' title='bbox 679 1843 832 1923; x_wconf 87' lang='lat' dir='ltr'>lapidibus</span> <span class='ocrx_word' id='word_1_104' title='bbox 857 1844 1064 1903; x_wconf 86' lang='lat' dir='ltr'>obruebantur</span> <span class='ocrx_word' id='word_1_105' title='bbox 1086 1841 1155 1922; x_wconf 74' lang='grc'>128).</span> <span class='ocrx_word' id='word_1_106' title='bbox 1198 1844 1280 1905; x_wconf 88' lang='lat' dir='ltr'>Hine</span> <span class='ocrx_word' id='word_1_107' title='bbox 1301 1864 1370 1923; x_wconf 91' lang='lat' dir='ltr'>pro-</span> 
     </span>
    </p>
   </div>
   <div class='ocr_carea' id='block_1_5' title="bbox 206 2117 1371 2279">
    <p class='ocr_par' dir='ltr' id='par_1_5' title="bbox 206 2117 1371 2279">
     <span class='ocr_line' id='line_1_14' title="bbox 292 2117 1371 2262; baseline 0.002 -86"><span class='ocrx_word' id='word_1_108' title='bbox 292 2117 524 2262; x_wconf 51' lang='lat' dir='ltr'>l‘lbp7peourate</span> <span class='ocrx_word' id='word_1_109' title='bbox 550 2122 618 2176; x_wconf 87' lang='lat' dir='ltr'>bane</span> <span class='ocrx_word' id='word_1_110' title='bbox 645 2138 700 2176; x_wconf 88' lang='lat' dir='ltr'>rem</span> <span class='ocrx_word' id='word_1_111' title='bbox 728 2119 851 2177; x_wconf 83' lang='lat' dir='ltr'>tractavit</span> <span class='ocrx_word' id='word_1_112' title='bbox 877 2118 1012 2189; x_wconf 80' lang='lat' dir='ltr'>Winer,</span> <span class='ocrx_word' id='word_1_113' title='bbox 1045 2118 1109 2174; x_wconf 89' lang='lat' dir='ltr'>bibl.</span> <span class='ocrx_word' id='word_1_114' title='bbox 1138 2118 1371 2178; x_wconf 80' lang='lat' dir='ltr'>Realwonerhucn</span> 
     </span>
     <span class='ocr_line' id='line_1_15' title="bbox 206 2208 470 2279; baseline -0.008 -16"><span class='ocrx_word' id='word_1_115' title='bbox 206 2209 234 2264; x_wconf 89' lang='lat' dir='ltr'>T.</span> <span class='ocrx_word' id='word_1_116' title='bbox 257 2208 278 2263; x_wconf 97' lang='lat' dir='ltr'>l.</span> <span class='ocrx_word' id='word_1_117' title='bbox 302 2226 328 2279; x_wconf 93' lang='lat' dir='ltr'>p.</span> <span class='ocrx_word' id='word_1_118' title='bbox 430 2223 470 2277; x_wconf 91' lang='lat' dir='ltr'>sq.</span> 
     </span>
    </p>
   </div>
   <div class='ocr_carea' id='block_1_6' title="bbox 206 2316 1372 2655">
    <p class='ocr_par' dir='ltr' id='par_1_6' title="bbox 206 2316 1372 2655">
     <span class='ocr_line' id='line_1_16' title="bbox 292 2316 1371 2401; baseline 0.002 -21"><span class='ocrx_word' id='word_1_119' title='bbox 292 2321 365 2401; x_wconf 72' lang='lat'>126)</span> <span class='ocrx_word' id='word_1_120' title='bbox 387 2324 529 2380; x_wconf 88' lang='lat' dir='ltr'>Vendid.</span> <span class='ocrx_word' id='word_1_121' title='bbox 553 2326 630 2397; x_wconf 86' lang='lat' dir='ltr'>Forg.</span> <span class='ocrx_word' id='word_1_122' title='bbox 653 2325 697 2379; x_wconf 96' lang='lat' dir='ltr'>lll.</span> <span class='ocrx_word' id='word_1_123' title='bbox 722 2323 848 2392; x_wconf 87' lang='lat' dir='ltr'>(Zendav.</span> <span class='ocrx_word' id='word_1_124' title='bbox 872 2324 901 2378; x_wconf 92' lang='lat' dir='ltr'>T.</span> <span class='ocrx_word' id='word_1_125' title='bbox 924 2323 956 2377; x_wconf 89' lang='lat' dir='ltr'>ll.</span> <span class='ocrx_word' id='word_1_126' title='bbox 979 2340 1006 2395; x_wconf 89' lang='lat' dir='ltr'>p.</span> <span class='ocrx_word' id='word_1_127' title='bbox 1030 2316 1371 2396; x_wconf 69' lang='lat' dir='ltr'>310·)‚.Wasasraaa</span> 
     </span>
     <span class='ocr_line' id='line_1_17' title="bbox 208 2400 1372 2483; baseline -0.002 -16"><span class='ocrx_word' id='word_1_128' title='bbox 208 2407 328 2475; x_wconf 83' lang='lat' dir='ltr'>Zweite‚</span> <span class='ocrx_word' id='word_1_129' title='bbox 351 2406 407 2465; x_wconf 83' lang='lat' dir='ltr'>dos</span> <span class='ocrx_word' id='word_1_130' title='bbox 429 2407 528 2466; x_wconf 78' lang='lat' dir='ltr'>dieser</span> <span class='ocrx_word' id='word_1_131' title='bbox 548 2404 633 2465; x_wconf 81' lang='lat' dir='ltr'>Erde</span> <span class='ocrx_word' id='word_1_132' title='bbox 654 2403 738 2464; x_wconf 77' lang='lat' dir='ltr'>nieht</span> <span class='ocrx_word' id='word_1_133' title='bbox 754 2401 884 2483; x_wconf 74' lang='lat' dir='ltr'>pastilli?</span> <span class='ocrx_word' id='word_1_134' title='bbox 929 2400 1062 2462; x_wconf 82' lang='lat' dir='ltr'>Orrnazd</span> <span class='ocrx_word' id='word_1_135' title='bbox 1082 2409 1266 2464; x_wconf 76' lang='lat' dir='ltr'>rrntaoortete:</span> <span class='ocrx_word' id='word_1_136' title='bbox 1287 2425 1372 2465; x_wconf 78' lang='grc' dir='ltr'><strong><em>ισσκιι</em></strong></span> 
     </span>
     <span class='ocr_line' id='line_1_18' title="bbox 206 2486 1371 2569; baseline -0.003 -16"><span class='ocrx_word' id='word_1_137' title='bbox 206 2496 238 2553; x_wconf 83' lang='lat' dir='ltr'>in</span> <span class='ocrx_word' id='word_1_138' title='bbox 260 2493 316 2553; x_wconf 86' lang='lat' dir='ltr'>der</span> <span class='ocrx_word' id='word_1_139' title='bbox 337 2489 433 2561; x_wconf 71' lang='lat' dir='ltr'>Ereta,</span> <span class='ocrx_word' id='word_1_140' title='bbox 461 2492 512 2551; x_wconf 81' lang='lat' dir='ltr'>die</span> <span class='ocrx_word' id='word_1_141' title='bbox 532 2488 612 2549; x_wconf 76' lang='lat' dir='ltr'>wollt</span> <span class='ocrx_word' id='word_1_142' title='bbox 629 2489 754 2569; x_wconf 78' lang='lat' dir='ltr'>peebnet</span> <span class='ocrx_word' id='word_1_143' title='bbox 772 2508 849 2557; x_wconf 82' lang='lat' dir='ltr'>war,</span> <span class='ocrx_word' id='word_1_144' title='bbox 877 2486 1055 2566; x_wconf 76' lang='lat' dir='ltr'>Hottnnpen</span> <span class='ocrx_word' id='word_1_145' title='bbox 1080 2488 1220 2567; x_wconf 78' lang='lat' dir='ltr'>pemacbt</span> <span class='ocrx_word' id='word_1_146' title='bbox 1243 2491 1371 2563; x_wconf 80' lang='lat' dir='ltr'>aoerden,</span> 
     </span>
     <span class='ocr_line' id='line_1_19' title="bbox 206 2573 1371 2655; baseline -0.003 -16"><span class='ocrx_word' id='word_1_147' title='bbox 206 2599 256 2639; x_wconf 84' lang='grc' dir='ltr'><strong><em>ιινι</em></strong></span> <span class='ocrx_word' id='word_1_148' title='bbox 283 2578 328 2637; x_wconf 82' lang='lat' dir='ltr'>sie</span> <span class='ocrx_word' id='word_1_149' title='bbox 356 2577 411 2634; x_wconf 76' lang='lat' dir='ltr'>orit</span> <span class='ocrx_word' id='word_1_150' title='bbox 430 2574 631 2635; x_wconf 74' lang='lat' dir='ltr'>Leia-bnamma</span> <span class='ocrx_word' id='word_1_151' title='bbox 658 2594 715 2635; x_wconf 84' lang='lat' dir='ltr'>oon</span> <span class='ocrx_word' id='word_1_152' title='bbox 737 2573 869 2634; x_wconf 70' lang='lat' dir='ltr'>Heroden</span> <span class='ocrx_word' id='word_1_153' title='bbox 896 2574 971 2633; x_wconf 83' lang='lat' dir='ltr'>oder</span> <span class='ocrx_word' id='word_1_154' title='bbox 992 2573 1154 2632; x_wconf 74' lang='lat' dir='ltr'>Messalam</span> <span class='ocrx_word' id='word_1_155' title='bbox 1179 2574 1371 2655; x_wconf 73' lang='lat' dir='ltr'>aaszafi&#39;dlen,</span> 
     </span>
    </p>
   </div>
   <div class='ocr_carea' id='block_1_7' title="bbox 206 2659 1480 2747">
    <p class='ocr_par' dir='ltr' id='par_1_7' title="bbox 206 2659 1480 2747">
     <span class='ocr_line' id='line_1_20' title="bbox 206 2659 1480 2747; baseline -0.003 -21"><span class='ocrx_word' id='word_1_156' title='bbox 206 2665 259 2726; x_wconf 83' lang='lat' dir='ltr'>die</span> <span class='ocrx_word' id='word_1_157' title='bbox 280 2682 349 2723; x_wconf 84' lang='lat' dir='ltr'>man</span> <span class='ocrx_word' id='word_1_158' title='bbox 371 2661 499 2723; x_wconf 82' lang='lat' dir='ltr'>alodoan</span> <span class='ocrx_word' id='word_1_159' title='bbox 521 2663 574 2721; x_wconf 81' lang='lat' dir='ltr'>mit</span> <span class='ocrx_word' id='word_1_160' title='bbox 587 2660 671 2722; x_wconf 85' lang='lat' dir='ltr'>Erde</span> <span class='ocrx_word' id='word_1_161' title='bbox 691 2659 845 2721; x_wconf 66' lang='lat' dir='ltr'>zadeektf</span> <span class='ocrx_word' id='word_1_162' title='bbox 873 2664 951 2720; x_wconf 83' lang='lat' dir='ltr'>Adde</span> <span class='ocrx_word' id='word_1_163' title='bbox 966 2665 1153 2737; x_wconf 82' lang='lat' dir='ltr'>praesertiml.</span> <span class='ocrx_word' id='word_1_164' title='bbox 1170 2682 1194 2720; x_wconf 87' lang='lat' dir='ltr'>e.</span> <span class='ocrx_word' id='word_1_165' title='bbox 1210 2683 1237 2738; x_wconf 89' lang='lat' dir='ltr'>p</span> <span class='ocrx_word' id='word_1_166' title='bbox 1253 2661 1315 2747; x_wconf 86' lang='lat'>313</span> <span class='ocrx_word' id='word_1_167' title='bbox 1329 2683 1371 2739; x_wconf 89' lang='lat' dir='ltr'>sq.</span> <span class='ocrx_word' id='word_1_168' title='bbox 1476 2722 1480 2732; x_wconf 68' lang='grc'><strong>,</strong></span> 
     </span>
    </p>
   </div>
   <div class='ocr_carea' id='block_1_8' title="bbox 208 2744 920 2824">
    <p class='ocr_par' dir='ltr' id='par_1_8' title="bbox 208 2744 920 2824">
     <span class='ocr_line' id='line_1_21' title="bbox 208 2744 920 2824; baseline -0.006 -16"><span class='ocrx_word' id='word_1_169' title='bbox 208 2784 248 2796; x_wconf 95' lang='grc'>-</span> <span class='ocrx_word' id='word_1_170' title='bbox 272 2753 312 2808; x_wconf 81' lang='lat' dir='ltr'>uf.</span> <span class='ocrx_word' id='word_1_171' title='bbox 336 2752 444 2822; x_wconf 75' lang='lat' dir='ltr'>Hyde,</span> <span class='ocrx_word' id='word_1_172' title='bbox 467 2751 529 2807; x_wconf 86' lang='lat' dir='ltr'>hist.</span> <span class='ocrx_word' id='word_1_173' title='bbox 552 2751 601 2807; x_wconf 88' lang='lat' dir='ltr'>rel.</span> <span class='ocrx_word' id='word_1_174' title='bbox 624 2757 679 2808; x_wconf 84' lang='lat' dir='ltr'>vet.</span> <span class='ocrx_word' id='word_1_175' title='bbox 702 2751 774 2807; x_wconf 86' lang='lat' dir='ltr'>Pers.</span> <span class='ocrx_word' id='word_1_176' title='bbox 798 2768 825 2824; x_wconf 90' lang='lat' dir='ltr'>p.</span> <span class='ocrx_word' id='word_1_177' title='bbox 849 2744 920 2806; x_wconf 76' lang='lat'><strong>406.</strong></span> 
     </span>
    </p>
   </div>
   <div class='ocr_carea' id='block_1_9' title="bbox 207 2862 1379 3366">
    <p class='ocr_par' dir='ltr' id='par_1_9' title="bbox 207 2862 1379 3366">
     <span class='ocr_line' id='line_1_22' title="bbox 295 2862 1373 2944; baseline -0.001 -18"><span class='ocrx_word' id='word_1_178' title='bbox 295 2866 367 2944; x_wconf 73' lang='lat'>127)</span> <span class='ocrx_word' id='word_1_179' title='bbox 394 2870 537 2927; x_wconf 86' lang='lat' dir='ltr'>Vendid</span> <span class='ocrx_word' id='word_1_180' title='bbox 559 2872 637 2944; x_wconf 84' lang='lat' dir='ltr'>Farg.</span> <span class='ocrx_word' id='word_1_181' title='bbox 660 2870 694 2927; x_wconf 86' lang='lat' dir='ltr'><strong>V</strong></span> <span class='ocrx_word' id='word_1_182' title='bbox 724 2868 768 2942; x_wconf 87' lang='lat' dir='ltr'>(T.</span> <span class='ocrx_word' id='word_1_183' title='bbox 792 2869 825 2924; x_wconf 94' lang='lat' dir='ltr'>ll.</span> <span class='ocrx_word' id='word_1_184' title='bbox 848 2886 875 2941; x_wconf 99' lang='lat' dir='ltr'>p</span> <span class='ocrx_word' id='word_1_185' title='bbox 898 2863 988 2932; x_wconf 72' lang='lat'><strong>323).</strong></span> <span class='ocrx_word' id='word_1_186' title='bbox 1030 2862 1237 2934; x_wconf 72' lang='lat' dir='ltr'>„Leablmame</span> <span class='ocrx_word' id='word_1_187' title='bbox 1257 2869 1373 2925; x_wconf 73' lang='lat' dir='ltr'>meissen</span> 
     </span>
     <span class='ocr_line' id='line_1_23' title="bbox 207 2947 1379 3032; baseline -0.003 -19"><span class='ocrx_word' id='word_1_188' title='bbox 207 2950 461 3030; x_wconf 74' lang='lat' dir='ltr'>aeblecbtardiapa</span> <span class='ocrx_word' id='word_1_189' title='bbox 483 2970 522 3009; x_wconf 85' lang='lat' dir='ltr'>aa</span> <span class='ocrx_word' id='word_1_190' title='bbox 545 2953 638 3010; x_wconf 70' lang='grc' dir='ltr'><strong><em>εἰκοσι</em></strong></span> <span class='ocrx_word' id='word_1_191' title='bbox 660 2949 825 3010; x_wconf 71' lang='lat' dir='ltr'>erhabenste</span> <span class='ocrx_word' id='word_1_192' title='bbox 849 2947 922 3009; x_wconf 82' lang='lat' dir='ltr'>Oria</span> <span class='ocrx_word' id='word_1_193' title='bbox 942 2948 1038 3027; x_wconf 75' lang='lat' dir='ltr'>liepen</span> <span class='ocrx_word' id='word_1_194' title='bbox 1059 2949 1124 3008; x_wconf 79' lang='lat' dir='ltr'>arad</span> <span class='ocrx_word' id='word_1_195' title='bbox 1147 2947 1297 3010; x_wconf 79' lang='lat' dir='ltr'>Daldnaes</span> <span class='ocrx_word' id='word_1_196' title='bbox 1318 2954 1379 3032; x_wconf 83' lang='lat' dir='ltr'>eof</span> 
     </span>
     <span class='ocr_line' id='line_1_24' title="bbox 208 3032 1374 3114; baseline -0.003 -16"><span class='ocrx_word' id='word_1_197' title='bbox 208 3035 356 3098; x_wconf 71' lang='lat' dir='ltr'>Aristiden</span> <span class='ocrx_word' id='word_1_198' title='bbox 378 3035 482 3095; x_wconf 75' lang='lat' dir='ltr'>erbosd</span> <span class='ocrx_word' id='word_1_199' title='bbox 500 3036 565 3095; x_wconf 79' lang='lat' dir='ltr'>aad</span> <span class='ocrx_word' id='word_1_200' title='bbox 585 3035 679 3096; x_wconf 80' lang='lat' dir='ltr'>dobin</span> <span class='ocrx_word' id='word_1_201' title='bbox 701 3033 772 3095; x_wconf 79' lang='lat' dir='ltr'>uites</span> <span class='ocrx_word' id='word_1_202' title='bbox 794 3054 855 3093; x_wconf 82' lang='lat' dir='ltr'>was</span> <span class='ocrx_word' id='word_1_203' title='bbox 876 3054 940 3093; x_wconf 78' lang='lat' dir='ltr'>ram</span> <span class='ocrx_word' id='word_1_204' title='bbox 964 3033 1076 3093; x_wconf 82' lang='lat' dir='ltr'>Todten</span> <span class='ocrx_word' id='word_1_205' title='bbox 1095 3032 1210 3112; x_wconf 72' lang='lat' dir='ltr'>penora</span> <span class='ocrx_word' id='word_1_206' title='bbox 1229 3041 1374 3114; x_wconf 74' lang='lat' dir='ltr'>petrapen</span> 
     </span>
     <span class='ocr_line' id='line_1_25' title="bbox 207 3118 1374 3201; baseline -0.006 -17"><span class='ocrx_word' id='word_1_207' title='bbox 207 3122 336 3190; x_wconf 80' lang='grc' dir='ltr'><strong><em>ισσνιίσκ,</em></strong></span> <span class='ocrx_word' id='word_1_208' title='bbox 358 3120 455 3182; x_wconf 78' lang='lat' dir='ltr'>darnit</span> <span class='ocrx_word' id='word_1_209' title='bbox 474 3122 525 3181; x_wconf 82' lang='lat' dir='ltr'>die</span> <span class='ocrx_word' id='word_1_210' title='bbox 546 3119 641 3201; x_wconf 76' lang='lat' dir='ltr'>Vo&#39;pel</span> <span class='ocrx_word' id='word_1_211' title='bbox 661 3140 691 3180; x_wconf 82' lang='lat' dir='ltr'>er</span> <span class='ocrx_word' id='word_1_212' title='bbox 712 3118 900 3200; x_wconf 78' lang='lat' dir='ltr'>aufzelareo.“</span> <span class='ocrx_word' id='word_1_213' title='bbox 923 3129 950 3178; x_wconf 82' lang='lat' dir='ltr'>et</span> <span class='ocrx_word' id='word_1_214' title='bbox 964 3123 997 3178; x_wconf 86' lang='lat' dir='ltr'>al.</span> <span class='ocrx_word' id='word_1_215' title='bbox 1021 3123 1056 3177; x_wconf 84' lang='lat' dir='ltr'>oi.</span> <span class='ocrx_word' id='word_1_216' title='bbox 1079 3123 1177 3179; x_wconf 92' lang='lat' dir='ltr'>llerod.</span> <span class='ocrx_word' id='word_1_217' title='bbox 1199 3124 1220 3193; x_wconf 85' lang='lat' dir='ltr'>l,</span> <span class='ocrx_word' id='word_1_218' title='bbox 1245 3120 1315 3180; x_wconf 79' lang='lat' dir='ltr'>llo.</span> <span class='ocrx_word' id='word_1_219' title='bbox 1331 3155 1374 3167; x_wconf 92' lang='grc'>-</span> 
     </span>
     <span class='ocr_line' id='line_1_26' title="bbox 210 3203 1373 3284; baseline -0.003 -16"><span class='ocrx_word' id='word_1_220' title='bbox 210 3211 302 3280; x_wconf 78' lang='lat' dir='ltr'>Quid?</span> <span class='ocrx_word' id='word_1_221' title='bbox 322 3211 535 3267; x_wconf 88' lang='lat' dir='ltr'>Bardesanes</span> <span class='ocrx_word' id='word_1_222' title='bbox 557 3228 599 3283; x_wconf 92' lang='lat' dir='ltr'>ap.</span> <span class='ocrx_word' id='word_1_223' title='bbox 616 3211 714 3266; x_wconf 88' lang='lat' dir='ltr'>Enseb.</span> <span class='ocrx_word' id='word_1_224' title='bbox 729 3226 820 3283; x_wconf 87' lang='lat' dir='ltr'>praep.</span> <span class='ocrx_word' id='word_1_225' title='bbox 837 3225 931 3281; x_wconf 84' lang='lat' dir='ltr'>evang.</span> <span class='ocrx_word' id='word_1_226' title='bbox 947 3208 992 3278; x_wconf 76' lang='lat' dir='ltr'>Vl,</span> <span class='ocrx_word' id='word_1_227' title='bbox 1010 3203 1059 3264; x_wconf 83' lang='lat'>10.</span> <span class='ocrx_word' id='word_1_228' title='bbox 1076 3206 1133 3284; x_wconf 87' lang='lat' dir='ltr'>(ed.</span> <span class='ocrx_word' id='word_1_229' title='bbox 1150 3208 1243 3266; x_wconf 86' lang='lat' dir='ltr'>Colon.</span> <span class='ocrx_word' id='word_1_230' title='bbox 1258 3228 1285 3283; x_wconf 87' lang='lat' dir='ltr'>p.</span> <span class='ocrx_word' id='word_1_231' title='bbox 1298 3205 1373 3279; x_wconf 77' lang='lat'><strong>277)</strong></span> 
     </span>
     <span class='ocr_line' id='line_1_27' title="bbox 210 3292 1375 3366; baseline -0.001 -14"><span class='ocrx_word' id='word_1_232' title='bbox 210 3298 304 3353; x_wconf 83' lang='lat' dir='ltr'>refert:</span> <span class='ocrx_word' id='word_1_233' title='bbox 328 3298 375 3365; x_wconf 81' lang='lat' dir='ltr'>„ot</span> <span class='ocrx_word' id='word_1_234' title='bbox 397 3299 493 3365; x_wconf 80' lang='grc' dir='ltr'><strong><em>Μῆδοι</em></strong></span> <span class='ocrx_word' id='word_1_235' title='bbox 514 3292 616 3357; x_wconf 75' lang='grc' dir='ltr'><strong><em>πάντες</em></strong></span> <span class='ocrx_word' id='word_1_236' title='bbox 636 3303 696 3358; x_wconf 76' lang='grc' dir='ltr'><strong><em>τοῖς</em></strong></span> <span class='ocrx_word' id='word_1_237' title='bbox 721 3293 791 3366; x_wconf 77' lang='grc' dir='ltr'><strong><em>μετὰ</em></strong></span> <span class='ocrx_word' id='word_1_238' title='bbox 812 3296 916 3364; x_wconf 65' lang='lat' dir='ltr'>arauiris</span> <span class='ocrx_word' id='word_1_239' title='bbox 936 3293 1119 3365; x_wconf 79' lang='grc' dir='ltr'>τρεφομένοις</span> <span class='ocrx_word' id='word_1_240' title='bbox 1139 3294 1201 3348; x_wconf 76' lang='grc' dir='ltr'><strong><em>κυσὶ</em></strong></span> <span class='ocrx_word' id='word_1_241' title='bbox 1217 3295 1263 3354; x_wconf 72' lang='lat' dir='ltr'>riae</span> <span class='ocrx_word' id='word_1_242' title='bbox 1277 3296 1375 3364; x_wconf 78' lang='grc' dir='ltr'><strong><em>νεκρὲς</em></strong></span> 
     </span>
    </p>
   </div>
   <div class='ocr_carea' id='block_1_10' title="bbox 212 3379 1375 3539">
    <p class='ocr_par' dir='ltr' id='par_1_10' title="bbox 212 3379 1375 3523">
     <span class='ocr_line' id='line_1_28' title="bbox 213 3379 1375 3453; baseline 0.001 -18"><span class='ocrx_word' id='word_1_243' title='bbox 213 3380 252 3436; x_wconf 84' lang='grc' dir='ltr'>έτι</span> <span class='ocrx_word' id='word_1_244' title='bbox 278 3381 446 3452; x_wconf 73' lang='grc' dir='ltr'><strong><em>ἐμπνέοντας</em></strong></span> <span class='ocrx_word' id='word_1_245' title='bbox 467 3381 688 3452; x_wconf 78' lang='grc' dir='ltr'><strong><em>ααραβέλιασι.“</em></strong></span> <span class='ocrx_word' id='word_1_246' title='bbox 737 3381 795 3452; x_wconf 81' lang='lat' dir='ltr'>cl,</span> <span class='ocrx_word' id='word_1_247' title='bbox 825 3397 892 3453; x_wconf 88' lang='lat' dir='ltr'>quae</span> <span class='ocrx_word' id='word_1_248' title='bbox 920 3380 955 3437; x_wconf 89' lang='lat' dir='ltr'>de</span> <span class='ocrx_word' id='word_1_249' title='bbox 981 3380 1111 3451; x_wconf 76' lang='lat' dir='ltr'>Hyrcanis</span> <span class='ocrx_word' id='word_1_250' title='bbox 1138 3379 1260 3438; x_wconf 82' lang='lat' dir='ltr'>Cicero</span> <span class='ocrx_word' id='word_1_251' title='bbox 1287 3387 1375 3437; x_wconf 75' lang='lat' dir='ltr'>namot</span> 
     </span>
     <span class='ocr_line' id='line_1_29' title="bbox 212 3464 405 3539; baseline -0.006 -16"><span class='ocrx_word' id='word_1_252' title='bbox 212 3467 287 3524; x_wconf 84' lang='lat' dir='ltr'>Tusa.</span> <span class='ocrx_word' id='word_1_253' title='bbox 309 3469 331 3539; x_wconf 87' lang='grc' dir='ltr'>Ι,</span> <span class='ocrx_word' id='word_1_254' title='bbox 354 3464 405 3522; x_wconf 81' lang='grc'>45.</span> 
     </span>
    </p>
   </div>
   <div class='ocr_carea' id='block_1_11' title="bbox 209 3579 1380 4505">
    <p class='ocr_par' dir='ltr' id='par_1_11' title="bbox 209 3579 1380 4505">
     <span class='ocr_line' id='line_1_30' title="bbox 297 3579 1373 3656; baseline 0.001 -16"><span class='ocrx_word' id='word_1_255' title='bbox 297 3582 370 3656; x_wconf 81' lang='lat'>1‘28)</span> <span class='ocrx_word' id='word_1_256' title='bbox 394 3584 433 3640; x_wconf 77' lang='lat' dir='ltr'>cf.</span> <span class='ocrx_word' id='word_1_257' title='bbox 458 3600 525 3654; x_wconf 83' lang='lat' dir='ltr'>quae</span> <span class='ocrx_word' id='word_1_258' title='bbox 546 3584 713 3653; x_wconf 73' lang='lat' dir='ltr'>Kleonai,</span> <span class='ocrx_word' id='word_1_259' title='bbox 734 3583 852 3639; x_wconf 85' lang='lat' dir='ltr'>Zendav.</span> <span class='ocrx_word' id='word_1_260' title='bbox 874 3583 904 3640; x_wconf 83' lang='lat' dir='ltr'>T.</span> <span class='ocrx_word' id='word_1_261' title='bbox 919 3584 964 3640; x_wconf 94' lang='lat' dir='ltr'>lll.</span> <span class='ocrx_word' id='word_1_262' title='bbox 987 3601 1014 3656; x_wconf 97' lang='lat' dir='ltr'>p</span> <span class='ocrx_word' id='word_1_263' title='bbox 1030 3579 1103 3640; x_wconf 70' lang='lat'><strong>257.</strong></span> <span class='ocrx_word' id='word_1_264' title='bbox 1126 3584 1262 3641; x_wconf 76' lang='lat' dir='ltr'>del’arsis</span> <span class='ocrx_word' id='word_1_265' title='bbox 1282 3584 1373 3641; x_wconf 86' lang='lat' dir='ltr'>reiert.</span> 
     </span>
     <span class='ocr_line' id='line_1_31' title="bbox 209 3651 1375 3740; baseline -0.001 -14"><span class='ocrx_word' id='word_1_266' title='bbox 209 3670 340 3727; x_wconf 77' lang='lat' dir='ltr'>herodoti</span> <span class='ocrx_word' id='word_1_267' title='bbox 362 3669 443 3724; x_wconf 84' lang='lat' dir='ltr'>verba</span> <span class='ocrx_word' id='word_1_268' title='bbox 465 3651 727 3738; x_wconf 61' lang='grc' dir='ltr'><strong><em>»κατακηρώσαντες</em></strong></span> <span class='ocrx_word' id='word_1_269' title='bbox 748 3659 824 3737; x_wconf 75' lang='grc' dir='ltr'>δὴ’</span> <span class='ocrx_word' id='word_1_270' title='bbox 805 3688 844 3722; x_wconf 87' lang='grc' dir='ltr'>ων</span> <span class='ocrx_word' id='word_1_271' title='bbox 864 3666 913 3723; x_wconf 82' lang='grc' dir='ltr'>τὸν</span> <span class='ocrx_word' id='word_1_272' title='bbox 935 3667 1019 3724; x_wconf 83' lang='grc' dir='ltr'><strong><em>νέκυν</em></strong></span> <span class='ocrx_word' id='word_1_273' title='bbox 1040 3669 1146 3739; x_wconf 78' lang='grc' dir='ltr'><strong><em>Πέρσαι</em></strong></span> <span class='ocrx_word' id='word_1_274' title='bbox 1166 3672 1201 3740; x_wconf 79' lang='grc' dir='ltr'>νῇ</span> <span class='ocrx_word' id='word_1_275' title='bbox 1223 3665 1375 3739; x_wconf 78' lang='grc' dir='ltr'><strong><em>κρύπτκσι“</em></strong></span> 
     </span>
     <span class='ocr_line' id='line_1_32' title="bbox 211 3749 1375 3826; baseline 0.003 -18"><span class='ocrx_word' id='word_1_276' title='bbox 211 3753 412 3809; x_wconf 85' lang='lat' dir='ltr'>illustrantur&#39;</span> <span class='ocrx_word' id='word_1_277' title='bbox 395 3771 438 3824; x_wconf 92' lang='lat' dir='ltr'>ns</span> <span class='ocrx_word' id='word_1_278' title='bbox 461 3771 527 3825; x_wconf 88' lang='lat' dir='ltr'>quae</span> <span class='ocrx_word' id='word_1_279' title='bbox 550 3755 577 3808; x_wconf 95' lang='lat' dir='ltr'>in</span> <span class='ocrx_word' id='word_1_280' title='bbox 597 3754 712 3811; x_wconf 86' lang='lat' dir='ltr'>Vendid.</span> <span class='ocrx_word' id='word_1_281' title='bbox 735 3754 813 3826; x_wconf 85' lang='lat' dir='ltr'>Farg.</span> <span class='ocrx_word' id='word_1_282' title='bbox 836 3753 905 3808; x_wconf 89' lang='lat' dir='ltr'>Vlll.</span> <span class='ocrx_word' id='word_1_283' title='bbox 936 3760 976 3826; x_wconf 85' lang='lat' dir='ltr'>(p</span> <span class='ocrx_word' id='word_1_284' title='bbox 998 3749 1073 3822; x_wconf 85' lang='lat'><strong>339)</strong></span> <span class='ocrx_word' id='word_1_285' title='bbox 1091 3755 1226 3824; x_wconf 82' lang='lat' dir='ltr'>jubentur.</span> <span class='ocrx_word' id='word_1_286' title='bbox 1270 3755 1375 3826; x_wconf 82' lang='lat' dir='ltr'>Cicero,</span> 
     </span>
     <span class='ocr_line' id='line_1_33' title="bbox 210 3833 1379 3910; baseline 0.001 -17"><span class='ocrx_word' id='word_1_287' title='bbox 210 3854 241 3893; x_wconf 91' lang='lat' dir='ltr'>re</span> <span class='ocrx_word' id='word_1_288' title='bbox 264 3835 331 3891; x_wconf 86' lang='lat' dir='ltr'>male</span> <span class='ocrx_word' id='word_1_289' title='bbox 352 3839 495 3909; x_wconf 73' lang='lat' dir='ltr'>intellecta,</span> <span class='ocrx_word' id='word_1_290' title='bbox 519 3838 583 3894; x_wconf 84' lang='lat' dir='ltr'>dicit</span> <span class='ocrx_word' id='word_1_291' title='bbox 605 3839 633 3905; x_wconf 90' lang='lat' dir='ltr'>(l.</span> <span class='ocrx_word' id='word_1_292' title='bbox 652 3841 705 3907; x_wconf 89' lang='lat' dir='ltr'>o.):</span> <span class='ocrx_word' id='word_1_293' title='bbox 728 3834 862 3904; x_wconf 80' lang='lat' dir='ltr'>„Persae</span> <span class='ocrx_word' id='word_1_294' title='bbox 883 3852 954 3892; x_wconf 84' lang='lat' dir='ltr'>cera</span> <span class='ocrx_word' id='word_1_295' title='bbox 975 3833 1155 3894; x_wconf 76' lang='lat' dir='ltr'>eirmamla‘tos</span> <span class='ocrx_word' id='word_1_296' title='bbox 1176 3835 1316 3910; x_wconf 82' lang='lat' dir='ltr'>condant,</span> <span class='ocrx_word' id='word_1_297' title='bbox 1339 3842 1379 3894; x_wconf 85' lang='lat' dir='ltr'>at</span> 
     </span>
     <span class='ocr_line' id='line_1_34' title="bbox 212 3917 1376 4000; baseline 0.005 -24"><span class='ocrx_word' id='word_1_298' title='bbox 212 3936 317 4000; x_wconf 83' lang='lat' dir='ltr'>qaam</span> <span class='ocrx_word' id='word_1_299' title='bbox 345 3936 511 3978; x_wconf 71' lang='lat' dir='ltr'>irrorante</span> <span class='ocrx_word' id='word_1_300' title='bbox 529 3926 778 3997; x_wconf 83' lang='lat' dir='ltr'>permaneant</span> <span class='ocrx_word' id='word_1_301' title='bbox 797 3917 981 3996; x_wconf 77' lang='lat' dir='ltr'>diuturna</span> <span class='ocrx_word' id='word_1_302' title='bbox 1006 3930 1201 3997; x_wconf 81' lang='lat' dir='ltr'>corpora.“</span> <span class='ocrx_word' id='word_1_303' title='bbox 1242 3925 1301 3981; x_wconf 90' lang='lat' dir='ltr'>lloo</span> <span class='ocrx_word' id='word_1_304' title='bbox 1321 3941 1376 3998; x_wconf 93' lang='lat' dir='ltr'>po·</span> 
     </span>
     <span class='ocr_line' id='line_1_35' title="bbox 210 4005 1377 4080; baseline 0 -15"><span class='ocrx_word' id='word_1_305' title='bbox 210 4008 266 4065; x_wconf 87' lang='lat' dir='ltr'>tius</span> <span class='ocrx_word' id='word_1_306' title='bbox 287 4005 430 4079; x_wconf 83' lang='lat' dir='ltr'>probibere</span> <span class='ocrx_word' id='word_1_307' title='bbox 452 4009 591 4076; x_wconf 82' lang='lat' dir='ltr'>volebant,</span> <span class='ocrx_word' id='word_1_308' title='bbox 620 4022 654 4063; x_wconf 91' lang='lat' dir='ltr'>ne</span> <span class='ocrx_word' id='word_1_309' title='bbox 676 4014 747 4062; x_wconf 85' lang='lat' dir='ltr'>terra</span> <span class='ocrx_word' id='word_1_310' title='bbox 767 4006 936 4078; x_wconf 88' lang='lat' dir='ltr'>reliquiarum</span> <span class='ocrx_word' id='word_1_311' title='bbox 958 4007 1119 4078; x_wconf 66' lang='lat' dir='ltr'>nonagione</span> <span class='ocrx_word' id='word_1_312' title='bbox 1139 4008 1312 4080; x_wconf 85' lang='lat' dir='ltr'>pollueretur.</span> <span class='ocrx_word' id='word_1_313' title='bbox 1334 4041 1377 4050; x_wconf 97' lang='lat'><strong>—</strong></span> 
     </span>
     <span class='ocr_line' id='line_1_36' title="bbox 211 4091 1375 4165; baseline -0.001 -15"><span class='ocrx_word' id='word_1_314' title='bbox 211 4094 254 4151; x_wconf 83' lang='lat' dir='ltr'>Ab</span> <span class='ocrx_word' id='word_1_315' title='bbox 277 4093 329 4148; x_wconf 85' lang='lat' dir='ltr'>hoa</span> <span class='ocrx_word' id='word_1_316' title='bbox 351 4091 487 4162; x_wconf 83' lang='lat' dir='ltr'>Magorum</span> <span class='ocrx_word' id='word_1_317' title='bbox 509 4108 582 4148; x_wconf 88' lang='lat' dir='ltr'>more</span> <span class='ocrx_word' id='word_1_318' title='bbox 604 4091 710 4147; x_wconf 89' lang='lat' dir='ltr'>diversa</span> <span class='ocrx_word' id='word_1_319' title='bbox 732 4091 781 4148; x_wconf 84' lang='lat' dir='ltr'>luit</span> <span class='ocrx_word' id='word_1_320' title='bbox 802 4091 994 4163; x_wconf 83' lang='lat' dir='ltr'>priscorum</span> <span class='ocrx_word' id='word_1_321' title='bbox 1014 4092 1151 4147; x_wconf 85' lang='lat' dir='ltr'>Persarum</span> <span class='ocrx_word' id='word_1_322' title='bbox 1172 4094 1307 4165; x_wconf 86' lang='lat' dir='ltr'>sepultura</span> <span class='ocrx_word' id='word_1_323' title='bbox 1328 4095 1375 4165; x_wconf 85' lang='lat' dir='ltr'>(oi.</span> 
     </span>
     <span class='ocr_line' id='line_1_37' title="bbox 211 4171 1377 4249; baseline 0.001 -15"><span class='ocrx_word' id='word_1_324' title='bbox 211 4180 342 4249; x_wconf 77' lang='lat' dir='ltr'>Zoega,</span> <span class='ocrx_word' id='word_1_325' title='bbox 370 4177 582 4248; x_wconf 77' lang='lat' dir='ltr'>hbbandlungen</span> <span class='ocrx_word' id='word_1_326' title='bbox 609 4193 635 4248; x_wconf 98' lang='lat' dir='ltr'>p.</span> <span class='ocrx_word' id='word_1_327' title='bbox 661 4171 762 4247; x_wconf 70' lang='lat' dir='ltr'>loe).</span> <span class='ocrx_word' id='word_1_328' title='bbox 806 4177 870 4232; x_wconf 88' lang='lat' dir='ltr'>Nam</span> <span class='ocrx_word' id='word_1_329' title='bbox 891 4175 943 4246; x_wconf 88' lang='lat' dir='ltr'>illi,</span> <span class='ocrx_word' id='word_1_330' title='bbox 973 4176 1045 4249; x_wconf 90' lang='lat' dir='ltr'>qnod</span> <span class='ocrx_word' id='word_1_331' title='bbox 1066 4176 1172 4232; x_wconf 89' lang='lat' dir='ltr'>omnino</span> <span class='ocrx_word' id='word_1_332' title='bbox 1200 4179 1270 4234; x_wconf 83' lang='lat' dir='ltr'>baud</span> <span class='ocrx_word' id='word_1_333' title='bbox 1297 4178 1377 4235; x_wconf 90' lang='lat' dir='ltr'>dubie</span> 
     </span>
     <span class='ocr_line' id='line_1_38' title="bbox 212 4257 1377 4335; baseline -0.001 -16"><span class='ocrx_word' id='word_1_334' title='bbox 212 4263 421 4334; x_wconf 84' lang='lat' dir='ltr'>antiquissimum</span> <span class='ocrx_word' id='word_1_335' title='bbox 444 4263 594 4335; x_wconf 87' lang='lat' dir='ltr'>sepulturae</span> <span class='ocrx_word' id='word_1_336' title='bbox 616 4277 703 4333; x_wconf 87' lang='lat' dir='ltr'>genus</span> <span class='ocrx_word' id='word_1_337' title='bbox 724 4268 768 4317; x_wconf 82' lang='lat' dir='ltr'>est</span> <span class='ocrx_word' id='word_1_338' title='bbox 788 4261 837 4329; x_wconf 87' lang='lat' dir='ltr'>(ol.</span> <span class='ocrx_word' id='word_1_339' title='bbox 860 4260 915 4316; x_wconf 84' lang='lat' dir='ltr'>Cio.</span> <span class='ocrx_word' id='word_1_340' title='bbox 930 4261 986 4333; x_wconf 89' lang='lat' dir='ltr'>leg.</span> <span class='ocrx_word' id='word_1_341' title='bbox 1001 4262 1034 4332; x_wconf 82' lang='lat' dir='ltr'>ll,</span> <span class='ocrx_word' id='word_1_342' title='bbox 1050 4257 1114 4334; x_wconf 72' lang='grc'>32),</span> <span class='ocrx_word' id='word_1_343' title='bbox 1136 4267 1297 4318; x_wconf 86' lang='lat' dir='ltr'>mortuorum</span> <span class='ocrx_word' id='word_1_344' title='bbox 1312 4280 1377 4319; x_wconf 86' lang='lat' dir='ltr'>eor-</span> 
     </span>
     <span class='ocr_line' id='line_1_39' title="bbox 212 4341 1378 4421; baseline -0.002 -16"><span class='ocrx_word' id='word_1_345' title='bbox 212 4366 277 4421; x_wconf 83' lang='lat' dir='ltr'>pora</span> <span class='ocrx_word' id='word_1_346' title='bbox 299 4348 450 4404; x_wconf 87' lang='lat' dir='ltr'>humavisse</span> <span class='ocrx_word' id='word_1_347' title='bbox 479 4347 549 4420; x_wconf 85' lang='lat' dir='ltr'>(vid.</span> <span class='ocrx_word' id='word_1_348' title='bbox 572 4349 640 4405; x_wconf 84' lang='lat' dir='ltr'>Xan.</span> <span class='ocrx_word' id='word_1_349' title='bbox 664 4347 762 4421; x_wconf 80' lang='lat' dir='ltr'>Cyrop.</span> <span class='ocrx_word' id='word_1_350' title='bbox 784 4347 860 4417; x_wconf 82' lang='lat' dir='ltr'>Vlll,</span> <span class='ocrx_word' id='word_1_351' title='bbox 883 4341 913 4402; x_wconf 97' lang='lat'>7.</span> <span class='ocrx_word' id='word_1_352' title='bbox 935 4347 984 4404; x_wconf 92' lang='lat' dir='ltr'>sub</span> <span class='ocrx_word' id='word_1_353' title='bbox 1006 4348 1051 4403; x_wconf 91' lang='lat' dir='ltr'>lin.</span> <span class='ocrx_word' id='word_1_354' title='bbox 1078 4377 1121 4388; x_wconf 90' lang='lat'><em>-</em></span> <span class='ocrx_word' id='word_1_355' title='bbox 1147 4346 1279 4417; x_wconf 88' lang='lat' dir='ltr'>siquidem</span> <span class='ocrx_word' id='word_1_356' title='bbox 1300 4349 1378 4418; x_wconf 88' lang='lat' dir='ltr'>hujus</span> 
     </span>
     <span class='ocr_line' id='line_1_40' title="bbox 212 4428 1380 4505; baseline 0.001 -16"><span class='ocrx_word' id='word_1_357' title='bbox 212 4434 267 4490; x_wconf 88' lang='lat' dir='ltr'>loei</span> <span class='ocrx_word' id='word_1_358' title='bbox 289 4434 341 4489; x_wconf 91' lang='lat' dir='ltr'>alla</span> <span class='ocrx_word' id='word_1_359' title='bbox 363 4440 406 4490; x_wconf 89' lang='lat' dir='ltr'>est</span> <span class='ocrx_word' id='word_1_360' title='bbox 427 4434 582 4504; x_wconf 84' lang='lat' dir='ltr'>auotoritas,</span> <span class='ocrx_word' id='word_1_361' title='bbox 604 4434 703 4490; x_wconf 88' lang='lat' dir='ltr'>llerod.</span> <span class='ocrx_word' id='word_1_362' title='bbox 718 4433 776 4505; x_wconf 83' lang='lat' dir='ltr'>Vll,</span> <span class='ocrx_word' id='word_1_363' title='bbox 794 4428 865 4489; x_wconf 81' lang='grc'><strong>114.</strong></span> <span class='ocrx_word' id='word_1_364' title='bbox 888 4439 916 4488; x_wconf 82' lang='lat' dir='ltr'>et</span> <span class='ocrx_word' id='word_1_365' title='bbox 930 4433 977 4501; x_wconf 89' lang='lat' dir='ltr'>al.)</span> <span class='ocrx_word' id='word_1_366' title='bbox 999 4439 1026 4489; x_wconf 84' lang='lat' dir='ltr'>et</span> <span class='ocrx_word' id='word_1_367' title='bbox 1045 4433 1181 4505; x_wconf 84' lang='lat' dir='ltr'>Magorum</span> <span class='ocrx_word' id='word_1_368' title='bbox 1202 4447 1302 4489; x_wconf 87' lang='lat' dir='ltr'>rnorem</span> <span class='ocrx_word' id='word_1_369' title='bbox 1315 4439 1380 4505; x_wconf 79' lang='lat' dir='ltr'>post</span> 
     </span>
    </p>
   </div>
   <div class='ocr_carea' id='block_1_12' title="bbox 214 4515 1379 4677">
    <p class='ocr_par' dir='ltr' id='par_1_12' title="bbox 214 4515 1379 4677">
     <span class='ocr_line' id='line_1_41' title="bbox 214 4515 1379 4594; baseline 0 -19"><span class='ocrx_word' id='word_1_370' title='bbox 214 4519 317 4575; x_wconf 89' lang='lat' dir='ltr'>demum</span> <span class='ocrx_word' id='word_1_371' title='bbox 338 4521 497 4576; x_wconf 87' lang='lat' dir='ltr'>assumsisse</span> <span class='ocrx_word' id='word_1_372' title='bbox 518 4520 649 4576; x_wconf 88' lang='lat' dir='ltr'>videntur.</span> <span class='ocrx_word' id='word_1_373' title='bbox 672 4515 823 4594; x_wconf 74' lang='grc' dir='ltr'><strong><em>(,,Ξεινικσ“ι</em></strong></span> <span class='ocrx_word' id='word_1_374' title='bbox 845 4517 947 4589; x_wconf 83' lang='grc' dir='ltr'><strong><em>νόμαια</em></strong></span> <span class='ocrx_word' id='word_1_375' title='bbox 962 4517 1068 4589; x_wconf 82' lang='grc' dir='ltr'><strong><em>Πέρσαι</em></strong></span> <span class='ocrx_word' id='word_1_376' title='bbox 1089 4522 1249 4589; x_wconf 74' lang='grc' dir='ltr'><strong><em>προσίενται</em></strong></span> <span class='ocrx_word' id='word_1_377' title='bbox 1269 4515 1379 4590; x_wconf 80' lang='grc' dir='ltr'><strong><em>ἀνδρῶν</em></strong></span> 
     </span>
     <span class='ocr_line' id='line_1_42' title="bbox 215 4600 638 4677; baseline 0.002 -20"><span class='ocrx_word' id='word_1_378' title='bbox 215 4600 347 4673; x_wconf 79' lang='grc' dir='ltr'><strong><em>μάλιστα“</em></strong></span> <span class='ocrx_word' id='word_1_379' title='bbox 369 4607 468 4663; x_wconf 83' lang='lat' dir='ltr'>Herod.</span> <span class='ocrx_word' id='word_1_380' title='bbox 494 4601 521 4677; x_wconf 80' lang='lat' dir='ltr'>l,</span> <span class='ocrx_word' id='word_1_381' title='bbox 546 4600 638 4677; x_wconf 67' lang='grc'>135.)</span> 
     </span>
    </p>
   </div>
   <div class='ocr_carea' id='block_1_13' title="bbox 0 0 1593 5300">
    <p class='ocr_par' dir='ltr' id='par_1_13' title="bbox 0 0 1593 5300">
     <span class='ocr_line' id='line_1_43' title="bbox 0 0 1593 5300; baseline 0 0"><span class='ocrx_word' id='word_1_382' title='bbox 0 0 1593 5300; x_wconf 95' lang='lat' dir='ltr'> </span> 
     </span>
    </p>
   </div>
  </div>
 </body>
</html>
