3150 5300
832 465 884 540 50

276 692 326 734 ras
346 674 486 735 nationes
514 672 671 752 dispersos
699 676 732 731 et
753 692 771 731 a
791 671 931 732 butam
959 691 1125 752 oppressos
1152 673 1388 754 significarim.
1407 709 1442 721 -

275 776 344 837 lloc
364 795 437 837 uero
460 775 625 855 diligenter
640 774 940 835 animadvertendum
956 782 1014 852 est,
1036 777 1219 855 prophetam
1235 777 1443 838 tantummodo

270 880 464 960 justorum
497 878 718 951 lsradlitarum,
753 877 805 955 qui
833 877 985 937 communi
1017 880 1122 958 populi
1149 884 1255 958 strage
1290 880 1444 940 interemti

275 988 391 1055 essent,
413 980 671 1041 resurrectionem
693 979 903 1059 praedixisse3
932 980 1107 1059 improbos,
1135 981 1186 1060 qui
1207 982 1246 1041 ab
1271 981 1444 1043 lehouaad

276 1083 505 1163 peregrinorum
521 1082 655 1143 Deorum
679 1083 794 1142 cultum
817 1082 1030 1157 desciuissent,
1053 1083 1085 1144 in
1106 1085 1199 1143 uitam
1221 1102 1285 1143 non
1308 1103 1385 1145 esse
1404 1104 1443 1144 re

276 1186 410 1259 diturus,
438 1183 574 1244 declarat
594 1204 621 1243 u.
645 1180 713 1258 ld,
744 1184 896 1263 siquidem
919 1191 1006 1245 recta
1027 1191 1087 1259 est,
1111 1205 1200 1265 quam
1222 1204 1319 1264 supra
1342 1203 1444 1266 prope-

276 1288 401 1362 snimus‚
423 1287 489 1366 ejus
512 1286 655 1346 versiculi
678 1286 903 1365 interpretatio.

361 1390 541 1450 Absolutum
564 1388 696 1467 denique
718 1388 792 1451 vet.
815 1389 1009 1450 'Testamenti
1037 1390 1234 1472 sententiam,
1250 1390 1294 1450 de
1316 1396 1443 1452 mortua

275 1511 342 1552 rum
363 1492 590 1553 resurrectione
613 1481 766 1553 cernimus
788 1492 820 1551 in
842 1493 916 1553 Dan.
939 1492 974 1552 (l.
992 1488 1042 1567 la,
1060 1489 1076 1551 1
1093 1511 1140 1571 sq,
1174 1491 1348 1572 Propheta,
1371 1498 1443 1573 post·
1460 1495 1469 1578 3'

275 1613 365 1673 quam
386 1593 561 1668 declaravit,
584 1594 726 1673 ingentes
748 1594 819 1655 fore
840 1595 990 1669 miserias,
1013 1594 1117 1674 quales
1140 1614 1178 1654 eu
1192 1593 1278 1654 omni
1292 1595 1443 1656 hominurn

276 1697 424 1757 memoria
444 1696 547 1755 nullae
568 1695 701 1769 fuerint,
728 1696 773 1756 ita
793 1697 990 1757 vaticinatur:
1026 1694 1103 1767 „illo
1125 1702 1256 1776 tempore
1285 1697 1442 1758 recuditur

272 1797 405 1880 populus
426 1804 503 1867 tuus,
525 1799 697 1879 quicunque
717 1798 749 1856 iu
771 1797 847 1859 libro
870 1800 978 1878 (vitae)
1000 1800 1168 1878 coruipnuti
1181 1799 1387 1878 reperiamur.
1411 1796 1443 1858 11

276 1898 360 1960 multi
386 1918 427 1960 ac
454 1900 507 1977 iia,
536 1900 589 1981 qul
616 1901 648 1959 iu
669 1906 767 1960 murae
784 1899 910 1981 pulvere
931 1902 1098 1971 domitiani,
1126 1902 1380 1980 eaperyisceaae
1396 1898 1440 1980 11),
1463 1939 1470 1974 ·.·

277 2001 332 2064 alli
353 2003 397 2064 ad
417 2003 509 2062 citam
531 2007 690 2072 aemulum,
712 2000 768 2062 ulii
790 2005 822 2062 in
837 2002 1030 2063 contumelias
1051 2009 1141 2083 utpute
1154 2003 1186 2061 in
1200 2005 1437 2083 alsemannum

276 2106 408 2165 minium.
450 2102 492 2165 Et
512 2105 662 2182 sapientes
683 2103 881 2185 splendebunt
899 2112 934 2165 ut
953 2104 1098 2184 splendor
1119 2101 1204 2174 cccli,
1227 2110 1257 2164 et
1278 2106 1337 2185 pai
1351 2101 1434 2165 ndat
1478 2179 1481 2200 Ι

146 2198 152 2210 ’
266 2209 367 2289 justos
387 2206 595 2280 reddiderunt,
616 2206 747 2266 siderum
769 2208 865 2266 instar
891 2207 924 2264 ia
946 2212 1126 2265 aeternorum
1141 2240 1180 2250 -
1197 2206 1285 2282 Quae
1307 2207 1438 2268 hocloco
1479 2257 1481 2268 .

275 2307 465 2369 demortuis
492 2308 525 2369 iu
545 2308 637 2369 vitam
658 2308 805 2369 redituris
835 2308 1028 2382 dictasunt,
1057 2328 1095 2368 ea
1117 2326 1311 2386 nequaquam
1340 2310 1439 2390 impie
1478 2327 1481 2394 4

275 2411 343 2491 prie
364 2409 562 2492 intelligenda
582 2429 669 2524 epse,
696 2416 825 2490 apparet
846 2430 885 2471 eu
907 2408 945 2471 V.
970 2405 1036 2484 13„
1066 2409 1118 2469 ubi
1140 2410 1303 2471 Danielem
1325 2410 1441 2494 angelus
1479 2405 1481 2450 ἶ

275 2513 318 2574 ita
339 2513 464 2574 offatm:
497 2519 555 2591 „tu
577 2532 647 2573 cero
664 2532 761 2593 perpe
782 2513 829 2574 cd
844 2514 933 2591 finem
955 2511 1079 2593 (viae),
1107 2511 1275 2593 requiesces
1298 2519 1331 2574 et
1348 2529 1441 2594 supa

275 2617 320 2679 ud
338 2622 446 2678 sorum
465 2622 546 2678 lauru
573 2615 627 2677 sud
644 2617 734 2695 ficem
755 2616 897 2678 dierum
918 2611 971 2694 ⁹⁸).
1476 2475 1481 2763 1

362 2905 416 2985 97)
444 2910 572 2965 Diversae
599 2912 676 2982 huJus
703 2912 758 2968 loci
786 2913 923 2969 exsistunt
943 2909 1104 2980 sententiae,
1133 2916 1213 2983 prout
1232 2912 1316 2968 verba
1340 2920 1440 2983 *jum

280 3003 359 3072 Ἓξ)
385 3004 500 3065 nm&
524 3003 638 3052 autcum
654 3004 742 3067 Μ’)
766 2993 912 3098 (utpnsit
931 2994 1104 3070 partitivum),
1127 3003 1172 3051 aut
1185 3013 1244 3050 cum
1266 3004 1358 3106 ῚΥῬ·
1380 3012 1443 3053 cou-
1476 3012 1481 3045 u

275 3097 407 3167 junxeris.
452 3097 519 3152 lllud
542 3099 705 3154 commodius
727 3098 849 3170 uidetur,
875 3101 928 3156 hoc
949 3115 1013 3154 vere
1034 3096 1133 3170 placuit
1153 3097 1311 3154 llasorethis
1332 3105 1360 3154 et
1378 3098 1445 3153 inter

275 3182 442 3238 recentiores
465 3175 639 3256 Hcfcuaano
662 3183 858 3256 (Weissagung
879 3202 905 3239 u.
926 3184 983 3240 Eri.
1006 3184 1035 3238 T.
1053 3179 1081 3238 1.
1104 3200 1131 3255 p.
1147 3177 1232 3257 314),
1255 3183 1299 3256 qni
1318 3182 1444 3239 Graecum

276 3265 436 3335 ἐγείρεσθαι
460 3264 490 3320 ἐκ
513 3270 619 3334 νεκρῶν
642 3268 758 3324 conferri
777 3270 863 3338 jubet.
907 3270 970 3324 Tum
998 3273 1093 3338 nm
1117 3283 1170 3322 non
1195 3275 1298 3340 partem
1318 3267 1444 3340 quandam

276 3357 452 3421 mortuorum,
481 3351 530 3406 sed
558 3350 683 3409 inlinitum
712 3353 903 3409 multitudinem
932 3351 986 3426 (ci.
1015 3369 1056 3425 ap.
1080 3352 1178 3408 Euech.
1209 3348 1260 3423 37,
1291 3348 1340 3410 10.
1366 3353 1444 3409 rerba

275 3445 358 3505 'lun
381 3446 463 3505 ’ἵκῃ
490 3413 566 3510 5η)
592 3420 668 3510 Sin)
692 3437 835 3511 significat.
878 3438 932 3495 Sed
955 3455 988 3494 nc
1010 3437 1047 3494 ita
1068 3436 1174 3510 quidem
1196 3454 1354 3495 asseverare
1374 3438 1443 3507 licet,

276 3521 348 3592 quod
370 3520 539 3576 Caluinus
566 3521 635 3578 dixit
656 3529 684 3579 et
710 3524 929 3580 llaevcrniclr
958 3523 1069 3596 (comm.
1091 3523 1119 3578 in
1140 3524 1204 3577 Dan.
1227 3540 1255 3595 p.
1279 3518 1355 3599 508)
1381 3540 1443 3599 pro-

275 3605 362 3662 bauit:
399 3601 556 3676 „amlloa
584 3601 635 3663 laic
658 3605 748 3682 ponit
768 3625 829 3683 pro
850 3598 1032 3674 omnibus,
1060 3609 1225 3663 ulceratus
1246 3610 1299 3664 est.
1342 3602 1443 3687 Neque
1480 3590 1482 3641 Ι

275 3684 351 3747 daec
372 3684 483 3746 locatio
505 3686 593 3747 dedet
611 3688 696 3749 nolis
717 3689 816 3749 videri
837 3689 978 3749 absurda.
1021 3687 1093 3750 Nou
1121 3689 1197 3748 enim
1222 3688 1370 3750 raddim
1395 3708 1442 3771 op

273 3773 361 3850 proult
383 3769 505 3849 uapelua
526 3773 660 3833 oruuuilaa
681 3772 729 3832 vel
744 3775 865 3852 pulicis,
887 3774 943 3834 aed
962 3775 1090 3854 opponit
1108 3775 1190 3834 canifi
1210 3809 1252 3818 —
1278 3778 1359 3846 Quod
1379 3778 1443 3836 ualet

275 3861 302 3916 in
326 3862 398 3917 Rom.
417 3858 446 3931 5,
471 3857 520 3915 15.
547 3857 606 3932 la,
633 3863 681 3919 sed
704 3863 837 3935 quomodo
859 3865 911 3919 huc
932 3865 1073 3937 pertineat,
1095 3863 1218 3937 equidem
1239 3878 1293 3919 non
1314 3864 1441 3938 intelligo.

361 3975 414 4054 98)
443 3980 622 4036 Veruntamen
645 3999 678 4037 ne
700 3981 769 4038 iuter
797 3983 963 4040 recentiores
985 3984 1089 4057 quidem
1111 3982 1130 4038 ii
1152 3983 1305 4052 defuerunt,
1335 3985 1383 4055 qui
1403 3984 1442 4040 lo-

277 4082 335 4121 cum
363 4082 412 4137 per
440 4064 636 4122 translationem
671 4068 856 4141 explicandum
890 4086 951 4125 esse
980 4071 1157 4143 opinarentur.
1201 4065 1344 4135 suffecerit
1371 4085 1444 4127 unum

276 4151 334 4222 ejus
355 4150 579 4223 interpretationis
608 4152 743 4225 specimen
770 4154 875 4210 allerre.
919 4154 1062 4227 Zicgler
1089 4147 1192 4232 (theol.
1214 4152 1285 4209 auu.
1309 4154 1339 4209 T.
1362 4155 1397 4211 11.
1419 4171 1443 4227 p.

242 4295 246 4301 ,
275 4230 349 4310 219)
364 4236 445 4291 uerba
460 4236 495 4292 ita
512 4236 642 4309 explicat:
665 4232 751 4304 „Der
765 4233 927 4296 Ausdmck
948 4236 994 4294 im
1009 4233 1271 4294 Erdenstcude
1292 4232 1444 4294 sellum·

276 4335 375 4376 mera
397 4315 507 4377 decicit
527 4316 604 4378 liora
626 4319 691 4378 eine
711 4318 801 4399 luape
822 4318 966 4396 qualcolle
981 4317 1120 4378 Exirleuz
1141 4318 1293 4395 drapani
1306 4320 1445 4381 durans

275 4399 471 4462 erwacltea
494 4401 630 4463 dedeutct
649 4403 763 4464 daucus
782 4411 909 4483 peretlet
927 4404 1055 4465 werden.
1084 4403 1151 4464 Der
1174 4403 1243 4463 lace
1264 4403 1337 4466 Vera
1356 4403 1445 4465 luciam

276 4485 434 4566 eipmtlicd
461 4507 509 4546 so:
546 4488 589 4547 du
615 4487 695 4568 pelle
721 4491 839 4550 deiuem
864 4489 1058 4550 Lebeaaaeuulc
1082 4487 1172 4567 cultip
1197 4495 1355 4570 eatpepcm
1382 4487 1445 4551 raud

275 4569 368 4632 bleida
388 4573 504 4633 aetnam
527 4571 644 4653 Berufc
664 4579 729 4635 treu
751 4575 797 4635 dia
817 4575 882 4636 au's
902 4573 991 4637 Duce
1011 4575 1067 4636 cler
1092 4572 1189 4652 Paper
1210 4573 1272 4648 (li).
