3150 5300
758 482 808 556 so

198 688 251 749 llio
272 688 425 749 sententio
447 689 571 767 probari
591 688 712 749 videtur
733 688 788 763 iis,
816 709 894 768 quae
916 685 953 764 2,
975 685 1028 749 26.
1051 686 1087 765 7,
1110 684 1160 749 18.
1181 684 1234 748 26.
1256 685 1294 762 8,
1320 683 1370 747 13.

196 786 228 866 9,
250 787 281 851 5.
304 791 386 851 dicta
408 796 488 852 sunt.
519 791 561 850 At
582 809 659 869 quse
674 791 882 851 Ecclesiaste·
907 786 957 866 ll,
979 787 1009 852 9.
1033 797 1066 852 et
1090 788 1141 866 12,
1165 788 1213 851 14.
1235 789 1369 869 profert,

199 913 245 967 ea,
268 893 326 954 nisi
348 894 441 954 verba
462 891 539 954 velis
562 898 738 967 extenuare,
761 893 800 953 ad
821 898 989 954 terrestres
1011 898 1129 953 tantum
1143 911 1269 973 poenas,
1293 910 1369 970 quas

197 997 247 1055 lex
269 990 406 1056 Mosaios
428 994 529 1074 impiis
551 995 697 1070 minatur,
725 995 863 1055 revocari
886 1000 1056 1074 nequeunt,
1083 995 1137 1055 sed
1160 994 1369 1077 adjudicium

198 1098 233 1158 in
256 1098 398 1158 animas
420 1097 625 1158 exercendum
647 1097 815 1159 referendo
834 1097 977 1159 sidentur
999 1094 1068 1176 ¹⁶³).

283 1201 350 1275 Quo
376 1204 518 1279 tempore
546 1205 579 1260 et
605 1200 691 1276 loco,
723 1218 782 1259 nec
811 1219 872 1260 non
899 1220 957 1280 qua
985 1201 1104 1261 ratione
1133 1201 1193 1260 boe
1215 1198 1368 1281 judicium

199 1300 348 1381 agendum
371 1301 427 1378 sit,
455 1302 664 1363 Ecclesiastes
685 1321 746 1362 non
768 1302 898 1378 indicat,
927 1302 1048 1384 etipse
1069 1304 1128 1364 hac
1156 1303 1187 1363 in
1209 1322 1245 1362 re
1267 1301 1369 1363 haesi·

198 1404 310 1464 tavisse
327 1403 457 1465 ridetur.
501 1405 589 1482 Quod
611 1424 671 1466 non
693 1406 880 1480 mirabimur,
903 1406 930 1466 si
952 1404 1256 1480 consideraverimus,
1279 1424 1369 1483 quam

198 1507 339 1586 ambigue
366 1506 589 1568 Alexandrinus
621 1506 674 1570 iile
702 1507 878 1587 Sapientiae
905 1507 1000 1582 liber,
1035 1507 1169 1586 quamvis
1204 1493 1366 1568 celsiorem

199 1609 358 1669 scientiam
387 1629 461 1689 prae
484 1626 519 1669 se
540 1608 623 1669 ferat
644 1605 719 1686 ¹⁶⁴),
748 1608 857 1670 eadem
883 1610 979 1671 dere
1007 1609 1154 1684 disserat,
1182 1609 1297 1688 quippe
1319 1607 1368 1687 qui

193 1711 344 1792 judicium
372 1716 540 1787 terrestre,
568 1712 717 1791 improbis
744 1712 923 1787 imminens,
956 1718 990 1774 et
1016 1712 1165 1792 supplicia
1191 1711 1231 1772 de
1259 1710 1367 1771 animis

199 1814 361 1893 impiorum
389 1814 536 1874 sumenda
563 1814 596 1874 in
622 1834 716 1876 unum
742 1814 910 1875 confundat
943 1820 976 1875 et
1002 1815 1084 1875 inter
1109 1833 1145 1875 se
1171 1814 1367 1893 permisceat.

198 1915 270 1995 (Cf.
292 1916 457 1996 praecipue
479 1912 510 1992 4,
535 1912 584 1977 16.
606 1950 649 1963 —-
670 1914 702 1993 5,
724 1913 797 1995 23).
842 1917 991 1978 Similiter
1010 1916 1221 1978 Ecclesiastae
1249 1915 1289 1976 de
1311 1916 1368 1977 hac

200 2037 235 2078 re
258 2018 413 2079 sententis
434 2019 622 2080 obscuritate
645 2039 705 2079 non
726 2019 818 2099 plane
840 2020 938 2080 libers
958 2018 1055 2079 fuisse
1075 2018 1206 2094 ridetur,
1227 2018 1311 2079 unde
1326 2018 1367 2078 in·

199 2120 297 2201 telligi
317 2126 438 2201 potest,
467 2141 521 2182 cur
542 2121 595 2181 illa
617 2122 648 2181 in
670 2122 749 2181 libro
772 2122 840 2203 ejus
867 2140 928 2181 non
950 2120 1041 2181 modo
1063 2121 1153 2181 latius
1180 2139 1240 2180 non
1262 2125 1366 2200 patue-

199 2224 250 2299 rit,
273 2223 445 2285 sedetiam
466 2224 603 2303 pluribus
625 2223 702 2284 locis
723 2242 896 2303 repugnare
916 2223 1066 2283 videatur.

285 2325 348 2385 Sed
368 2327 426 2386 alia
447 2326 565 2387 ratione
586 2325 794 2387 Ecclesiastes
816 2325 876 2386 dux
898 2330 948 2387 est
970 2325 1009 2386 sd
1029 2324 1249 2405 perfectiorem
1270 2324 1367 2385 seien-

199 2427 274 2488 tiam
302 2429 418 2488 animos
446 2429 592 2509 dirigens.
641 2428 719 2488 Nam
749 2434 783 2489 ut
810 2429 901 2507 plene
929 2428 1124 2507 perspicuum
1150 2428 1258 2503 fieret,
1291 2445 1367 2506 quac

200 2530 384 2591 Mosaismus
407 2530 570 2592 exhiberet
590 2531 757 2609 promissa,
785 2530 940 2591 desiderio
962 2530 1082 2610 piorum
1104 2530 1186 2591 nullo
1209 2529 1301 2589 modo
1323 2548 1368 2588 ss·

200 2633 347 2694 tisiacere
361 2653 464 2714 posse,
479 2652 610 2695 necesse
626 2637 702 2710 erat,
718 2652 806 2696 mens
820 2633 1033 2696 Hebraeorum
1048 2632 1141 2696 etism
1155 2632 1256 2710 altius,
1278 2651 1368 2713 quum

202 2827 219 2834 ι-
236 2828 249 2832 --
258 2827 262 2833 ι
274 2824 504 2834 .—-——...-—--.-

287 2905 359 2988 163)
381 2913 463 2968 Recte
484 2909 612 2967 Knobel
635 2910 662 2966 in
684 2909 783 2969 domm.
808 2912 841 2969 ad
861 2912 957 2970 Kohel.
975 2908 1025 2983 12,
1042 2908 1091 2968 14.
1115 2912 1193 2969 dicit:
1216 2905 1369 2978 ,dedoct-

200 2998 242 3052 tet
261 3011 331 3052 mon
352 2993 403 3052 die
416 2989 508 3051 stete
529 2990 726 3071 unbesonpen,
748 3014 782 3054 ro
803 3012 972 3054 marasmon
994 2994 1053 3054 den
1071 2991 1237 3055 Godanlrcn
1258 3010 1299 3052 cn
1321 2993 1371 3052 ein

197 3075 372 3156 fdrrnliclrea
396 3074 526 3152 Gericlat,
548 3078 604 3136 wie
624 3097 693 3138 mun
714 3097 746 3138 er
766 3077 831 3139 ried
853 3076 898 3139 ab
919 3078 998 3138 noels
1019 3079 1086 3138 dem
1103 3078 1185 3139 Tode
1206 3077 1374 3153 cintreteod

200 3161 307 3233 dealt,
335 3163 426 3222 dorin
452 3161 648 3222 onmkennen.
691 3162 822 3241 Dorcas
834 3162 922 3243 fdtrt
951 3165 980 3234 1)
1002 3163 1094 3223 sebon
1121 3165 1176 3223 der
1197 3161 1370 3240 Aurdmck,

200 3247 273 3307 dors
298 3243 371 3306 Gort
386 3246 481 3329 jede
509 3245 604 3306 Tbut
628 3248 660 3306 in
682 3248 739 3308 dos
763 3246 889 3309 Gericlat
916 3249 946 3309 d.
968 3247 999 3308 Ιι.
1028 3269 1081 3307 oor
1101 3250 1210 3308 reinem
1232 3245 1371 3307 Richter·

122 3387 124 3390 .
200 3329 282 3391 stadt
299 3351 351 3390 zur
371 3328 580 3391 sichterb'clren
602 3331 818 3411 Berartlaeibmq
839 3332 962 3410 brinyen
983 3333 1097 3409 werde,
1126 3354 1160 3393 ro
1181 3334 1237 3392 aos‘e
1258 3331 1292 3409 2)
1315 3332 1373 3393 der

201 3415 377 3491 Acadruck,
404 3416 477 3477 dors
503 3415 601 3476 dieses
632 3413 756 3476 Gerielat
781 3416 853 3476 siber
879 3414 973 3477 alles
1007 3417 1243 3497 Verborpena
1270 3418 1373 3478 werde

200 3498 377 3578 obpelaalten
397 3500 536 3561 werden“
559 3511 611 3561 etc.
637 3536 679 3548 -·-
700 3504 755 3561 Sed
776 3505 848 3562 nulio
871 3507 950 3564 modo
973 3523 1008 3562 ex
1029 3509 1078 3562 bac
1100 3524 1139 3577 re,
1161 3507 1189 3562 id
1205 3505 1277 3578 quod
1291 3506 1370 3563 iino-

200 3589 287 3646 belius
309 3590 408 3661 voluit,
431 3589 606 3646 demonstrari
627 3597 732 3663 potest,
755 3592 906 3647 universum
927 3592 1015 3648 locum
1040 3589 1095 3662 12,
1119 3588 1246 3648 9-14,
1269 3591 1369 3648 Eccle-

201 3675 299 3731 siastae
321 3692 383 3732 esso
405 3675 616 3746 abjudicandum.
658 3675 722 3733 Nam
744 3677 854 3733 eandem
875 3677 1047 3749 sententiam,
1076 3693 1143 3748 quae
1166 3668 1216 3747 12,
1241 3673 1294 3734 14.
1316 3693 1371 3733 ex-

201 3776 294 3836 pressa
328 3767 384 3831 est,
419 3759 598 3817 Ecclesiastes
631 3760 772 3834 proposuit
806 3758 860 3832 ll,
889 3758 918 3818 9.
975 3762 1033 3829 Quo
1062 3764 1141 3832 loco,
1176 3779 1254 3834 quum
1289 3764 1370 3819 verba

203 3824 284 3921 ,75⁸
306 3823 472 3924 -53-59
499 3845 532 3900 ad
553 3846 739 3918 praecedentia
761 3852 866 3958 pjsp
891 3855 1027 3919 naama
1055 3828 1130 3954 '125
1156 3854 1270 3922 W]
1293 3847 1371 3905 rete-

201 3948 283 4005 reuda
306 3947 368 4019 sint,
390 3945 532 4020 perspicue
554 3947 711 4019 declaratur,
732 3949 817 4005 Deum
839 3949 872 4005 de
895 3948 1016 4005 omnibus
1037 3948 1171 4005 bominum
1193 3948 1371 4019 consiliis,

202 4034 343 4105 studiis,
366 4031 621 4106 cupiditatibus
640 4033 768 4105 judicium
790 4041 907 4090 acturum
929 4051 1001 4090 esse.
1037 4033 1206 4109 Quapropter
1226 4034 1271 4089 bic
1293 4033 1372 4091 locus

203 4136 262 4175 oum
282 4118 326 4189 iis,
349 4134 419 4191 quae
441 4111 492 4188 12,
517 4112 566 4174 14.
590 4118 661 4175 dicta
682 4125 752 4190 sunt,
773 4119 851 4192 plane
874 4119 1016 4177 consentit.

288 4233 361 4311 164)
382 4236 417 4294 Et
437 4235 474 4292 ita
495 4235 611 4310 quidem,
633 4244 663 4294 ut
683 4236 878 4293 Alexandrinus
899 4237 1006 4294 Salomo
1026 4235 1247 4293 Palaestinensom
1267 4237 1373 4294 Eccle-

202 4323 311 4380 siastem
332 4323 389 4392 (vel
409 4320 510 4378 rectius
530 4338 628 4394 pravos
650 4322 708 4394 ejus
730 4328 888 4393 sectatores,
911 4322 956 4395 qui
970 4339 1005 4378 ex
1018 4321 1087 4380 libro
1106 4322 1238 4379 liobeletb
1252 4322 1372 4393 nonnisi,

202 4426 270 4482 quae
292 4408 409 4482 ipsorum
429 4406 553 4464 licentiae
576 4408 764 4480 convenirent,
786 4405 982 4480 assumseram)
1005 4408 1136 4480 castigare
1159 4413 1187 4464 et
1205 4407 1373 4480 redarguere

202 4494 277 4552 velit.
320 4492 423 4550 Etenim
444 4493 498 4548 boc
520 4498 621 4551 certum
641 4493 756 4565 ridetur,
778 4500 914 4552 auctmem
935 4491 996 4551 libri
1017 4491 1168 4567 Sapientiae
1188 4491 1251 4550 libri
1271 4491 1371 4550 Kobe-

202 4580 259 4637 letb
279 4577 409 4638 rationem
430 4575 565 4635 babuisse.
