3150 5300
819 511 870 584 60

260 723 361 778 astra
382 717 421 777 ad
441 717 534 792 idern,
556 716 638 777 unde
659 716 801 796 profecta
816 720 932 789 essent,
955 715 1073 775 initium
1089 714 1319 788 concreditum,
1343 732 1430 773 coe-

259 819 367 897 lique
389 820 518 881 eandem
541 819 796 898 descriptionem,
824 838 901 897 quae
922 818 1072 898 principio
1094 818 1221 892 fuisset,
1248 816 1432 877 restitutum

260 921 308 986 iri.
352 922 528 982 Doctrinom
550 921 589 981 de
611 941 713 981 rerum
735 921 990 982 terrestrium
1011 920 1230 980 instauratione
1251 920 1354 979 futura
1376 938 1431 998 pa-

259 1044 327 1085 rum
350 1023 521 1084 excoluisse
541 1023 693 1083 videntur.

346 1123 409 1185 Sed
436 1130 589 1204 utcunque
617 1125 657 1185 de
683 1126 743 1185 hae
769 1144 805 1184 re
826 1123 998 1205 judicatum
1026 1123 1102 1198 erit,
1136 1123 1212 1185 illud
1240 1130 1344 1184 tomen
1371 1142 1433 1203 pro

260 1232 347 1286 certo
369 1227 485 1287 hahere
500 1228 584 1302 licet,
607 1229 800 1302 chamoam,
823 1247 900 1306 quae
923 1228 1027 1289 seculo
1050 1233 1185 1305 quarto
1207 1247 1233 1287 a.
1250 1226 1322 1288 cnr.
1346 1227 1434 1306 apud

258 1327 422 1390 Persarum
448 1330 557 1409 Meges
586 1330 734 1405 occurrit,
764 1330 804 1390 de
831 1336 1019 1390 mortuorum
1047 1330 1275 1391 resurrectione
1302 1334 1431 1389 senten-

260 1431 334 1492 tiam
362 1432 461 1510 aliqua
490 1452 527 1491 ex
553 1438 641 1511 parte
669 1432 820 1492 diversam
847 1431 944 1492 fuisse
972 1432 1009 1492 uh
1037 1432 1104 1507 illa,
1138 1451 1228 1511 quam
1254 1432 1435 1511 prophetae

258 1540 494 1613 proposuerunt.

344 1636 394 1696 Ex
415 1636 660 1716 Theopompo
682 1636 815 1715 quidem,
838 1656 898 1716 quo
920 1636 1121 1716 antiquiorem
1142 1637 1234 1716 hujus
1255 1637 1302 1696 rei
1323 1642 1433 1696 aucto-

258 1757 325 1799 rem
347 1740 496 1800 habemus
524 1739 694 1813 neminem,
722 1740 943 1799 nihilomnino
965 1739 1126 1814 discimus,
1154 1739 1213 1798 nisi
1234 1737 1343 1818 Magos
1368 1744 1433 1799 sto-

257 1841 370 1916 tuisse‚
398 1841 537 1901 absoluto
559 1841 650 1921 hujus
673 1841 778 1901 mundi
799 1842 931 1902 decursu
952 1841 1094 1902 homines
1119 1841 1152 1900 in
1176 1842 1269 1901 vitam
1298 1861 1433 1921 eamque

259 1943 380 2002 beatam
402 1942 555 2003 redituros
578 1962 657 2003 esse.
681 1977 723 1988 -
745 1943 824 2004 Sunt
844 1943 1022 2004 testimonia
1043 1943 1126 2023 ejus,
1154 1942 1234 2021 apud
1255 1943 1432 2023 Diogenem

258 2044 415 2106 hairtium
443 2051 476 2106 et
497 2044 694 2106 Plutarchum
716 2053 871 2107 asservato
893 2043 952 2117 ¹¹⁸)
976 2046 1019 2105 ita
1041 2046 1266 2125 conjungenda,
1294 2052 1329 2106 ut
1351 2047 1432 2108 alte-

258 2168 326 2209 rum
355 2168 392 2208 cx
421 2148 518 2207 altero
546 2148 723 2226 suppleatur
750 2154 783 2209 et
809 2148 989 2208 illustretur.
1036 2148 1121 2223 Quae
1149 2148 1230 2227 apud
1255 2149 1432 2229 Diogenem

259 2250 416 2310 hairtium
444 2249 534 2323 dicit,
562 2269 684 2329 caper
711 2269 746 2310 se
768 2251 958 2311 subobscura
979 2258 1064 2324 sunt,
1091 2270 1150 2311 nec
1171 2251 1270 2311 minus
1292 2251 1332 2311 ad
1354 2253 1431 2313 ani-

258 2372 401 2412 morum
422 2352 545 2411 beatam
566 2351 843 2427 immortalitatem,
873 2362 962 2432 quam
984 2351 1027 2411 ad
1044 2371 1248 2431 corporum
1270 2372 1430 2416 resurrec-

258 2455 376 2515 tionem
402 2454 514 2515 referri
541 2460 670 2533 possunt
692 2451 762 2531 ¹¹⁹).
807 2453 923 2516 Verum
952 2473 990 2515 ex
1016 2454 1069 2529 iis,
1099 2475 1176 2534 qnae
1203 2455 1283 2534 apud
1307 2454 1429 2517 Plutar-

258 2558 350 2618 chum
371 2558 528 2636 leguntur,
550 2557 711 2636 probabile
731 2557 785 2633 fit,
808 2557 1043 2639 Theopompum
1065 2558 1158 2618 etiam
1179 2558 1275 2637 priori
1295 2560 1366 2620 loco
1388 2559 1429 2621 de

343 2778 417 2852 118)
438 2782 534 2855 Diog.
557 2783 585 2838 L.
608 2800 729 2857 prooem.
753 2784 783 2842 G.
805 2783 851 2841 Vl.
876 2781 925 2854 „ts
947 2783 997 2858 (se.
1020 2786 1217 2859 Theopompus)
1240 2787 1286 2843 καλ
1310 2783 1427 2860 eccard

256 2873 365 2938 σεσθαι,
387 2867 457 2924 κατὰ
479 2870 525 2929 circ
544 2863 654 2940 Μάγας,
675 2869 746 2938 φησί
766 2871 812 2931 τίς
826 2869 984 2940 ἀνδρώσας,
1006 2870 1053 2927 καλ
1067 2869 1183 2927 ἔσεσθαι
1197 2868 1369 2934 σλθανσίτος.“
1385 2905 1428 2915 -

255 2955 420 3012 Plutarch.
450 2955 484 3010 de
504 2956 540 3011 ls.
563 2963 591 3011 et
612 2953 681 3011 0sir.
704 2955 735 3012 (λ
758 2951 809 3012 47.
854 2951 1049 3026 „estanneio
1076 2973 1146 3025 φησι
1168 2958 1237 3012 coc&
1259 2955 1305 3019 τίις
1319 2955 1427 3034 ,Μάχας

255 3036 311 3097 ἄνα
334 3039 418 3109 με’ρος
437 3044 570 3109 τρισχίλια
592 3039 639 3110 ἔτη
660 3041 709 3097 τὸν
731 3039 783 3112 μὲν
805 3047 934 3114 κρατεῖν,
961 3039 1010 3098 τὸν
1032 3039 1062 3097 δὲ
1083 3047 1249 3112 κρατεῖσθαι
1274 3048 1327 3098 τῶν
1348 3047 1427 3100 θεῶν

255 3127 312 3199 (sc.
337 3125 488 3182 Oromosdis
511 3132 539 3181 et
559 3126 728 3197 Abi-Imaui),
758 3122 826 3182 ἄλλα
848 3125 878 3183 δὲ
899 3130 1033 3196 τρισχίλια
1054 3123 1195 3196 μάχεσθαι
1222 3129 1268 3183 nul
1289 3133 1427 3198 πολεμεῖν

256 3213 303 3267 καί
325 3206 458 3267 ἀναλύειν
479 3209 513 3266 τὰ
534 3215 565 3267 τίς
587 3211 666 3280 ἑτέρα
687 3213 737 3268 τὸν
758 3211 869 3284 ἕτερον·
897 3212 994 3272 τέλος
1020 3212 1048 3267 δ’
1071 3212 1340 3271 ἀπολείπεσθαι
1362 3209 1424 3268 τὸν

255 3293 360 3371 ᾅδην,
382 3296 439 3350 nul
461 3291 517 3354 alc
539 3295 602 3364 μὲν
624 3292 814 3367 ἀνθρώποις
837 3293 1060 3364 εὐδαίμονας
1082 3296 1248 3368 ἔσεσθαι,
1271 3295 1339 3370 μήτε
1362 3305 1424 3365 τ’ρο-

256 3384 313 3451 φῆς
333 3379 473 3450 δεομένας,
496 3379 564 3450 μήτε
588 3375 668 3435 σκιὰν
689 3386 829 3443 ποιεῖντας.
862 3381 919 3440 Τὸν
940 3381 969 3436 δὲ
991 3387 1079 3438 ταῦτα
1101 3382 1336 3455 μηχανησάμενον
1350 3381 1425 3441 θεὸν

254 3465 374 3536 ἠρεμεῖν
402 3466 448 3520 ιιαῖ
470 3460 670 3521 α’ναπαιλεσθαι
696 3465 815 3538 χρόνον,
842 3471 930 3529 καλῶς
951 3467 1002 3540 μὲν
1023 3466 1037 3525 ἕ
1060 3466 1150 3525 πολίιν
1176 3474 1212 3544 τῷ
1231 3474 1304 3545 θεῷ,
1333 3466 1424 3540 σ’ίςνιερ

255 3551 397 3627 ἀνθρώπῳ
419 3549 580 3626 κοιμωμένῳ
601 3550 747 3622 μίτριον.“

344 3667 419 3745 119)
440 3671 604 3727 Zenduvestu
626 3674 716 3742 docet,
738 3673 840 3729 animos
857 3674 1029 3744 justorum
1050 3681 1142 3746 quarto
1158 3675 1211 3744 die,
1233 3682 1374 3747 postquem
1390 3693 1425 3731 ex

256 3773 370 3830 corpore
393 3765 580 3827 excesserunt,
612 3756 743 3830 (tortasse
765 3775 836 3814 novo
859 3760 984 3816 aethereo
1007 3776 1120 3832 corpore
1142 3760 1263 3830 indutos)
1291 3759 1320 3816 in
1342 3762 1424 3817 sedes

254 3842 392 3898 beatorum
414 3841 506 3914 recipi.
551 3836 752 3918 (Vendidod
778 3844 856 3915 Furg.
878 3844 948 3899 XIX.
972 3845 1088 3900 Zendav.
1116 3845 1158 3899 ed.
1181 3845 1308 3901 llleuker.
1337 3847 1367 3901 T.
1390 3848 1422 3902 ll.

254 3945 280 4000 p.
305 3922 399 4000 379.).
443 3928 473 3982 ln
495 3928 604 3982 eundem
631 3927 789 3984 sententium
810 3929 891 3984 verbo
913 3930 1077 4003 Theopompi
1099 3929 1178 3987 trahit
1198 3930 1423 3988 llaevernrolr

255 4030 350 4069 comm.
373 4013 400 4067 in
421 4013 486 4067 Dan.
509 4030 536 4085 p.
560 4008 621 4067 512
637 4030 677 4084 sq.
701 4043 742 4054 -
764 4014 843 4070 Adde
865 4014 939 4086 illud,
962 4017 1034 4087 qnod
1054 4015 1218 4071 Zendavesto
1240 4017 1274 4070 de
1297 4033 1423 4088 pecec-

254 4103 362 4153 torom
385 4114 419 4152 ex
441 4096 510 4154 Orco
533 4098 618 4153 reditu
641 4098 741 4153 statuit.
784 4099 846 4155 Vid.
869 4101 1021 4173 Zendnv.¹
1036 4102 1070 4171 11,
1097 4094 1165 4156 173.
1189 4100 1295 4172 (LXV);
1318 4102 1421 4175 Frug-

254 4189 364 4237 mente
392 4183 477 4237 tiber
503 4183 559 4238 dic
581 4184 745 4254 Religion
772 4185 831 4240 des
854 4186 1037 4242 zoroaster
1064 4187 1244 4241 iibersetzt
1265 4192 1328 4242 etc.
1358 4204 1423 4244 von

253 4268 393 4323 Vullcrs
421 4286 449 4339 p.
472 4262 522 4323 34.
566 4263 683 4337 ,,Νασ1ι
704 4265 773 4324 dem
796 4265 985 4326 chdaocsta
1007 4265 1127 4326 entleert
1150 4264 1282 4326 Οειααειί
1309 4268 1341 4325 in
1363 4270 1422 4328 den

254 4347 473 4428 Furourdijons
500 4349 574 4408 oder
597 4352 676 4429 fiinf
697 4348 983 4431 Erpiinznupstupen
1015 4352 1095 4410 eines
1112 4352 1209 4432 jeden
1235 4349 1344 4412 latres
1372 4354 1422 4414 die

252 4432 358 4504 Helie}
391 4434 443 4495 ιίίσ
470 4432 740 4511 οἱαησιοίιίοιονασιι
761 4434 866 4496 Scelere
894 4437 1014 4496 werden
1042 4455 1100 4495 uon
1121 4435 1281 4496 ΑΙινίοιαιιο
1303 4435 1421 4518 Plapen

253 4517 355 4586 στίδιί,
378 4538 462 4579 ουσιαι
483 4519 527 4578 sle
549 4519 647 4579 Basse
668 4519 740 4580 λίαιιι
762 4521 827 4582 μιαί
847 4519 912 4580 siclt
934 4518 1014 4581 ihrer
1027 4521 1159 4584 maden
1179 4522 1335 4597 schemen,
1357 4523 1423 4583 und

240 4600 372 4661 τείνειεν
392 4604 463 4664 σίνε
479 4603 667 4667 ίίιννιίίσσίισ
687 4604 788 4668 naor
809 4625 850 4667 αα
871 4611 945 4668 etc.“
978 4612 1061 4669 Nemo
1083 4627 1136 4668 non
1157 4610 1241 4682 videt,
1263 4614 1420 4673 vocobulum
