3150 5300
762 544 785 586 X

259 724 289 779 E.
324 724 463 781 disseritur
484 724 518 779 de
541 740 571 778 ea
595 723 759 795 quaestione,
782 743 844 781 num
865 726 962 798 dogma
977 727 1011 783 de
1026 729 1222 785 resurreetione
1238 736 1369 787 mortuo-

324 844 380 882 rum
403 843 437 881 ex
458 826 594 896 Magorum
616 826 755 899 disciplina
777 826 804 883 in
826 827 887 884 Vel.
904 830 1098 886 Testamentum
1121 831 1313 903 immigraverit
1327 864 1367 875 -

323 948 350 1002 p.
374 924 424 983 66.

281 1031 310 1086 ln
332 1036 405 1103 purte
427 1030 463 1085 lll
485 1030 635 1104 exponitur,
659 1050 708 1104 qua
731 1031 834 1088 ratione
856 1050 947 1088 mens
969 1033 1207 1089 israelitarum
1230 1034 1265 1090 de
1287 1038 1370 1094 rebus

195 1140 260 1206 post
282 1140 392 1189 mortem
415 1133 509 1190 suturis
531 1135 661 1191 meditans
683 1136 843 1191 seutentiam
863 1136 998 1191 llosaismi
1020 1153 1146 1209 superare
1169 1139 1323 1195 tentaverit.

259 1236 292 1291 Α.
324 1235 435 1291 Primum
457 1253 488 1291 ea
511 1244 703 1304 monstrantur,
727 1254 804 1308 quae,
827 1254 905 1308 quum
928 1237 1020 1292 animis
1043 1238 1193 1309 scrupulum
1215 1238 1367 1311 injicerent,

324 1355 373 1394 eos
395 1339 428 1393 ad
451 1339 520 1393 illurn
543 1338 740 1394 meditationem
761 1346 874 1412 possent
895 1339 1012 1394 excitare
1034 1366 1075 1379 —
1098 1356 1127 1414 p.
1151 1336 1208 1410 6t3

260 1441 289 1496 ll.
322 1442 389 1496 haee
410 1447 497 1496 tamen
520 1442 618 1496 sirmam
640 1448 763 1497 aeternae
785 1441 857 1496 vitae
879 1458 954 1514 spem
976 1458 1029 1496 non
1052 1448 1094 1498 est
1116 1449 1246 1513 assecuta,
1266 1459 1364 1514 quam-

324 1560 400 1614 quam
421 1544 514 1616 negari
536 1560 589 1600 nou
611 1551 711 1617 potest,
733 1547 760 1599 in
782 1544 826 1615 iis,
850 1560 916 1615 quae
938 1544 972 1600 de
988 1543 1164 1599 indissolubili
1178 1544 1280 1617 piorum
1294 1560 1361 1600 con-

324 1646 461 1716 junctione
477 1664 535 1700 cum
550 1646 608 1701 Deo
631 1644 700 1701 diota
723 1653 792 1715 sunt,
816 1644 1032 1719 praesensionem
1048 1645 1118 1702 vitae
1134 1653 1258 1701 aeternae
1271 1646 1364 1703 latere.

323 1748 407 1803 Etiam
429 1748 496 1803 haee
517 1748 648 1803 sententia
671 1765 810 1821 emergere
831 1748 946 1818 videtur,
968 1732 1108 1804 Sclreolem
1123 1749 1303 1805 tautummodo
1318 1768 1367 1823 pro

324 1851 450 1906 malorum
473 1850 539 1906 sede
561 1851 709 1906 habendum
731 1868 803 1907 esse.
849 1850 1037 1923 (Explicantur
1058 1850 1076 1905 ii
1098 1851 1275 1922 Psalmorum‚
1298 1852 1369 1909 Pro-

325 1951 475 2008 verbiorum
498 1960 526 2007 ot
545 1952 608 2022 lobi
631 1952 694 2023 loci,
718 1952 763 2025 qui
785 1956 836 2007 huo
860 1952 903 2007 vel
925 1968 1019 2008 revera
1041 1959 1163 2025 spectant
1184 1952 1228 2008 vel
1243 1961 1370 2025 spectare

324 2053 502 2127 putabantur).
526 2085 567 2094 —
589 2073 616 2127 p.
640 2049 691 2109 70.

232 2157 236 2170 '
261 2158 290 2211 Ο.
323 2158 474 2227 Postremo,
503 2156 636 2228 quomodo
658 2156 727 2212 liber
747 2156 880 2213 Koheletlr
904 2156 1049 2213 doctrinam
1072 2155 1179 2212 Veteris
1204 2157 1370 2216 Testamenti

325 2259 454 2328 absolvat,
479 2258 629 2332 exponitur.
655 2287 683 2297 —
716 2276 742 2330 p.
766 2252 817 2313 82.
