3150 5300
766 530 819 605 311

198 753 280 817 pore
301 734 493 814 discederet)
512 735 605 796 uitam
626 740 809 797 terrestre·
829 732 1010 810 llninoeent,
1032 734 1071 796 acl
1091 736 1184 797 vitam
1205 738 1377 800 coelestem

199 839 359 899 sublatum
380 838 428 899 iri.
450 871 492 883 -
514 838 603 915 Quod
624 858 684 918 quo
708 838 829 898 facilius
851 843 1062 917 cognoscatur,
1084 857 1189 900 rursus
1210 840 1377 901 Homerica

200 941 368 1021 theologle
384 940 573 1003 conferenda
595 947 659 1016 est,
682 942 798 1020 quippe
820 960 898 1019 quae
920 946 954 1001 et
980 941 1013 1000 in
1034 941 1092 1002 hac
1114 960 1151 1003 re
1173 940 1244 1003 Vel.
1267 940 1377 1002 Testa·

202 1048 310 1103 mento
331 1042 374 1104 sit
394 1044 558 1104 simillima.
600 1044 703 1104 Ellam
724 1044 878 1104 Homerus
900 1043 1076 1117 nonnullos,
1104 1061 1181 1122 quos
1203 1043 1254 1104 Dii
1273 1043 1377 1121 impri-

202 1147 263 1207 mis
285 1144 475 1220 dilexerunt,
498 1145 537 1206 de
559 1147 712 1206 communi
734 1144 908 1206 mortalium
931 1149 1015 1205 sorte
1038 1149 1177 1206 exemtus
1199 1151 1232 1205 et
1253 1146 1284 1205 in
1305 1145 1377 1223 lily-

203 1247 408 1308 silentibus
430 1248 540 1309 beatae
568 1249 651 1309 vitae
669 1248 837 1328 participes
862 1246 948 1307 facit.
991 1245 1056 1308 Sed
1076 1248 1126 1307 hin
1148 1248 1271 1308 omuino
1293 1248 1308 1307 1
1329 1249 1379 1307 cl·

207 1348 316 1421 σφατόν
334 1352 391 1410 ἐστι
411 1385 454 1396 -
481 1353 598 1424 ὑμνέειν
625 1356 672 1411 sel
700 1351 810 1424 πότμον
836 1352 964 1409 ἐπισπεῖν
991 1348 1118 1428 (Odyas.
1140 1347 1191 1424 lV,
1218 1345 1376 1428 560111),

206 1451 239 1512 ln.
262 1451 289 1512 e.
310 1452 386 1513 vivi
409 1471 488 1514 cum
509 1471 671 1532 corpore
692 1454 724 1513 in
739 1470 863 1531 campos
878 1451 1002 1530 Elysios
1017 1452 1208 1531 abripiuntur
1218 1448 1279 1529 81)ι
1302 1470 1377 1531 qno·

204 1554 288 1614 circa
308 1555 362 1614 ille
384 1553 544 1633 Odysseae
571 1557 657 1617 locus
679 1576 748 1617 oum
769 1557 824 1631 iis,
853 1574 930 1634 quse
951 1554 1105 1614 Homerus
1127 1554 1166 1615 de
1189 1559 1378 1616 mortuorum

202 1661 291 1717 sorte
313 1656 381 1716 aliis
402 1657 479 1717 locis
501 1659 623 1735 statuit,
651 1676 841 1737 nequaquam
862 1662 986 1735 pugnat.
1007 1690 1051 1702 -
1079 1656 1193 1717 Similis
1222 1661 1272 1716 est
1297 1656 1377 1716 ratio

203 1759 416 1837 exemplorum
438 1759 581 1820 Henoclli
603 1766 636 1821 et
656 1760 755 1820 Elias.
800 1759 868 1819 Hoc
895 1758 1023 1828 docent,
1050 1759 1224 1832 hominem,
1252 1757 1303 1837 qui
1325 1757 1378 1836 pie

202 1862 287 1921 vitae
307 1866 431 1940 tempus
451 1864 648 1942 transegerit,
670 1863 844 1924 etiamnunc
858 1860 1003 1940 singulari
1017 1860 1076 1921 Dei
1089 1860 1244 1922 beneflcio
1265 1877 1378 1938 posse

203 1981 278 2022 non
299 1963 402 2027 mori.
439 1964 526 2024 Hanc
547 1965 641 2044 igitur
661 1964 796 2024 fortasse
818 1982 907 2041 spem
929 1963 1065 2024 excitare
1086 1968 1239 2041 poterent,
1262 1980 1324 2022 non
1345 1962 1379 2021 iu

202 2065 428 2144 sempiternum
442 2071 574 2127 mortem
588 2067 620 2127 in
634 2067 776 2127 homines
797 2065 1032 2139 dominaturam,
1054 2064 1112 2125 sed
1131 2068 1293 2126 venturum
1307 2081 1379 2124 esse

204 2172 339 2245 tempus,
360 2187 419 2247 quo
441 2168 582 2230 homines
603 2170 634 2229 in
657 2169 820 2248 pristinum
841 2166 1079 2227 immortalitatis
1101 2171 1229 2240 statum,
1258 2185 1296 2226 ex
1318 2183 1378 2243 quo

204 2268 404 2345 ceciderunt,-
416 2272 627 2333 restituantur.
657 2273 699 2331 Et
719 2271 800 2331 hanc
816 2271 855 2330 ob
875 2289 942 2330 rem
963 2270 1010 2329 illi
1029 2269 1090 2330 loci
1111 2273 1182 2329 sunt
1195 2268 1376 2348 gravissimi.

206 2369 271 2430 Sed
297 2370 338 2431 de
365 2390 486 2447 eornm,
524 2373 576 2451 qui
603 2378 725 2434 morte
756 2373 820 2432 vita
848 2372 994 2446 terrestri
1025 2375 1240 2448 excesserunt,
1277 2375 1310 2431 et
1337 2367 1378 2429 de

204 2472 322 2532 animi
343 2492 361 2533 a
382 2479 512 2553 o'orpore
534 2475 668 2555 sejuncti
692 2476 785 2535 beate
806 2473 1034 2534 immortalitate
1060 2472 1137 2534 nihil
1166 2472 1288 2532 omnino
1311 2471 1379 2549 spei

170 2634 180 2644 ,
206 2592 248 2635 ex
268 2574 306 2633 iis
328 2575 445 2635 hauriri
465 2581 596 2656 poterat.

292 2672 326 2758 2)
353 2678 415 2739 Alii
436 2677 640 2742 Pentateuchi
662 2679 740 2754 loci,
763 2696 802 2739 ex
823 2678 933 2759 quibus
954 2677 1106 2739 nonnullis
1127 2677 1209 2740 vitae
1233 2679 1377 2736 aeternae

205 2798 279 2859 spes
301 2781 426 2843 elucere
440 2780 609 2860 videbatur,
633 2782 659 2843 si
674 2786 762 2843 recte
777 2798 832 2842 eos
847 2781 1057 2862 explicaveris,
1079 2780 1166 2857 nihil,
1187 2779 1281 2839 immo
1303 2795 1377 2838 vero

205 2884 393 2944 contrarium
413 2884 604 2963 probant.-
625 2885 714 2962 Quod
736 2885 842 2962 (Deut.
856 2880 909 2959 34,
930 2880 966 2961 5)
989 2883 1028 2945 de
1043 2883 1134 2945 Mose
1148 2882 1296 2961 scriptum
1319 2885 1378 2955 est,

202 3006 277 3046 eum
298 2991 453 3046 mortuum
474 3005 545 3048 esse
572 2991 658 3096 :pinu
681 2970 821 3080 *gl-532,
848 2986 931 3047 inter
950 2985 1084 3046 ludaeos
1105 2985 1193 3045 multi
1214 3001 1378 3063 perperam

204 3122 250 3182 ita
270 3121 467 3201 interpretati
493 3127 579 3196 sunt,
606 3127 641 3183 nt
662 3122 815 3201 singulare
842 3119 994 3200 quoddam
1022 3119 1130 3179 mortis
1157 3136 1253 3198 genus
1280 3117 1377 3196 linge·

203 3228 291 3299 rent,
325 3229 447 3284 nnortcm
466 3222 582 3309 'cecedi
619 3243 698 3305 quac
723 3242 828 3283 secero
854 3220 990 3282 liberatio
1018 3242 1037 3281 a
1061 3227 1154 3280 morlo
1181 3224 1257 3279 corel
1281 3218 1376 3300 (Mos.

206 3323 353 3384 Maimon.
374 3325 466 3388 More
488 3325 567 3386 Neb.
588 3331 640 3401 lll,
661 3324 739 3405 51.).
777 3320 838 3386 'illa
865 3329 968 3386 autem
994 3324 1088 3384 verba
1109 3322 1153 3383 nil
1181 3321 1239 3382 nisi
1252 3319 1378 3403 jubente

209 3421 279 3482 Dec
300 3425 420 3487 Mosam
442 3433 594 3489 mortuum
616 3429 799 3508 significare,
821 3428 870 3489 vin
891 3425 1043 3506 estquod
1065 3444 1215 3486 moneam.
1257 3422 1377 3484 Eadem

206 3525 320 3604 (Num.
347 3523 406 3604 33,
438 3525 511 3609 38.)
549 3530 632 3591 dicta
661 3536 733 3590 sunt
762 3530 802 3590 ‹le
841 3529 993 3590 Aharonis
1026 3528 1126 3601 obitu3
1180 3525 1236 3587 sed
1276 3541 1378 3603 neque

197 3629 328 3691 ‚Mosem
350 3650 452 3712 neque
472 3632 649 3693 Aharonem
663 3633 694 3692 in
709 3637 809 3694 morte
831 3631 946 3710 aliquid
967 3630 1126 3711 praecipui
1147 3627 1303 3701 habuisse,
1326 3645 1377 3706 ap·

204 3734 429 3810 panetariis,
458 3753 536 3813 quae
558 3718 648 3796 Dent.
670 3729 728 3812 32,
749 3731 802 3795 50.
828 3733 867 3794 aul
887 3733 1011 3793 Mosem
1033 3731 1222 3791 dictasunt:
1259 3725 1377 3803 „Coo-

202 3839 390 3914 prcyotor
415 3835 466 3896 ad
487 3834 653 3916 pactiles
680 3842 779 3908 tuos,
807 3833 1058 3918 quemadmodum
1081 3837 1212 3893 mmmm
1234 3825 1376 3891 11111111-

292 4105 345 4184 81)
366 4108 429 4166 viu.
444 4111 722 4186 Naegelsbachl.
740 4131 764 4169 c.
786 4131 813 4187 p.
830 4108 903 4169 350.
920 4111 954 4168 cl.
977 4110 1126 4181 Weisse,
1148 4127 1195 4166 aur
1217 4103 1377 4164 Gesohiohle

208 4194 259 4250 dea
278 4192 648 4273 Unsltrbliplpkeilsglaubens
671 4198 708 4270 (in
729 4197 826 4255 Fiohtii
847 4197 977 4254 Zeitsolrr.
1000 4197 1020 4253 f.
1042 4195 1108 4252 Phil.
1124 4196 1168 4266 11.,
1194 4190 1221 4249 l.
1244 4211 1271 4266 p.
1290 4187 1377 4264 llo).

201 4272 296 4347 „Dae
316 4264 475 4339 8111111111
493 4279 548 4338 doc
569 4277 722 4339 Menelaus
743 4278 823 4339 wlrd
841 4276 1055 4339 ausdrtlclrliolc
1073 4310 1118 4322 —-
1133 4311 1173 4324 -
1195 4272 1301 4334 nicht
1321 4269 1378 4331 als

206 4361 269 4421 ein
295 4359 393 4423 neck
418 4362 499 4423 dom
523 4362 621 4424 Todo
647 4383 687 4424 su
714 4364 984 4433 concertendo&
1012 4362 1176 4423 condono
1203 4378 1271 4418 oon
1298 4359 1379 4425 dem

200 4444 311 4517 1¹⁰th
337 4444 402 4508 ilo
427 4446 668 4528 bcfrcieodca
693 4448 795 4509 Loco
821 4452 1076 4508 bezeichnclfl-
1101 4451 1190 4508 Faoile
1211 4447 1377 4524 intelligitur,

200 4542 331 4609 melun
356 4538 425 4594 haec
450 4536 559 4594 lloruori
585 4539 719 4597 senwnlis
745 4538 812 4594 ab
804 4537 840 4594 ris
861 4537 979 4606 differet,
1008 4553 1076 4608 queo
1097 4535 1262 4610 posteriores
1284 4533 1379 4596 Graeci

207 4618 243 4677 (lc
263 4610 356 4694 buln,
378 4637 446 4695 quoe
467 4621 521 4696 piis
542 4622 665 4680 animis
685 4623 718 4680 iu
741 4619 828 4681 llroo
848 4620 989 4700 proposils
1008 4621 1064 4695 sit,
1081 4621 1141 4681 nitu
1158 4615 1293 4692 succincti
1308 4631 1387 4680 scut
