3150 5300
197 714 354 793 experiri,
377 731 478 791 neque
499 712 684 791 cogitatione
708 711 831 790 assequi
852 727 960 790 posse:
989 729 1168 789 quamquam
1189 730 1250 771 non
1271 716 1372 791 negat,

198 835 274 877 esse
297 814 450 893 quoddam
477 813 611 874 divinum
639 813 816 888 consilinm,
844 812 885 873 ad
906 814 992 893 cnjus
1013 832 1150 873 normam
1176 833 1227 874 res
1249 812 1372 874 munds·

199 939 272 993 nae,
294 918 446 977 humanae
467 916 662 995 praesertim,
685 920 772 975 certo
795 914 902 975 ordine
923 914 1166 994 progrediantur.
1194 915 1373 976 Etenim—

198 1027 235 1083 ut
257 1020 429 1080 accuratius
451 1009 611 1096 exponam,
633 1017 705 1096 qnid
727 1018 858 1078 sentiam
871 1052 912 1061 -
925 1016 1136 1078 Ecclesiastne
1158 1019 1273 1078 animus
1288 1016 1374 1096 quusi

200 1123 385 1183 distrahitur
406 1122 438 1180 in
453 1119 527 1180 duas
542 1120 711 1180 contrarias
731 1120 911 1179 sententias.
940 1118 1047 1179 Altera
1069 1138 1107 1179 ex
1128 1124 1216 1198 parte
1229 1121 1373 1201 religiose

201 1245 239 1286 es
268 1223 480 1301 amplectitur,
510 1242 588 1302 quae
617 1241 655 1283 ex
677 1222 815 1283 Mosaica
843 1222 1003 1302 disciplina
1029 1224 1185 1303 percepit,
1215 1224 1316 1283 omnis
1337 1242 1375 1283 ex

201 1326 261 1387 llei
282 1325 407 1386 numine
429 1324 567 1404 pendere
590 1320 636 1404 (9,
651 1320 703 1384 14.
725 1322 813 1398 5,17
841 1320 891 1384 19.
914 1320 946 1400 6,
966 1322 997 1385 9.
1020 1322 1051 1400 7,
1074 1319 1176 1399 149,
1201 1322 1228 1385 l.
1252 1322 1302 1399 ll,
1318 1325 1374 1401 5.),

202 1428 280 1490 nihil
307 1446 367 1487 nnn
390 1432 476 1486 certa
503 1427 573 1506 lege
601 1426 725 1486 euenire
752 1422 804 1504 (3,
828 1422 943 1510 lsqq.)
963 1423 1040 1502 ¹⁶⁹),
1067 1428 1127 1488 Dei
1153 1445 1247 1506 opera
1274 1429 1376 1489 omnin

201 1529 346 1611 perfecta
367 1548 438 1589 esse
459 1526 504 1607 (3,
529 1526 579 1589 11.
604 1524 678 1603 14.),
701 1528 834 1589 eundem
856 1547 962 1588 omnes
984 1529 1126 1589 homines
1147 1530 1180 1589 iu
1195 1531 1314 1609 justum
1323 1531 1374 1610 jn-

203 1632 318 1693 dicinm
340 1650 411 1692 esse
432 1636 608 1691 vocaturum
632 1626 688 1710 (3,
711 1626 761 1690 17.
783 1625 822 1705 8,
846 1628 886 1689 12
902 1650 948 1709 sq.
973 1627 1031 1706 11,
1053 1625 1083 1691 9.
1108 1627 1164 1706 12,
1188 1628 1267 1710 ld.):
1297 1652 1374 1710 quse

205 1735 309 1795 omnis
330 1739 364 1794 ut
386 1752 441 1813 pro
463 1732 551 1793 falsis
571 1732 689 1792 habere
712 1731 833 1807 audeat,
854 1737 974 1793 tantum
996 1733 1093 1810 abest,
1114 1738 1150 1793 ut
1170 1753 1207 1793 ea
1222 1734 1315 1794 etism
1329 1740 1374 1794 at·

204 1857 265 1915 qne
287 1836 381 1896 etiam
401 1841 519 1915 urgeat.
550 1835 656 1895 Altera
678 1838 837 1913 exparte,
860 1834 1043 1913 quomodo
1064 1836 1117 1894 illa
1137 1856 1210 1896 vera
1231 1836 1301 1912 sint,
1324 1837 1374 1896 in-

204 1939 395 2019 telligere
422 1938 539 2017 nequit.
584 1937 726 2014 Quamvis
755 1937 884 1996 multum
910 1937 942 1996 in
963 1956 1067 1999 rerum
1094 1938 1290 2016 inquisitione
1313 1939 1375 2000 ela-

206 2041 370 2115 boraverit,
393 2040 454 2100 hoc
475 2045 580 2100 tamen
601 2044 694 2119 negat
715 2058 750 2099 se
773 2044 948 2099 assecutum
970 2058 1051 2114 esse,
1074 2044 1108 2099 ut
1117 2040 1183 2120 jam
1197 2041 1373 2120 perspiciat,

206 2163 274 2222 qus
301 2142 456 2202 ratione
483 2161 587 2202 rerum
609 2159 716 2201 cursus
738 2140 976 2202 moderatricem
998 2141 1133 2201 omnium
1153 2142 1375 2221 providentiam

206 2265 241 2306 ac
268 2245 400 2305 divinam
423 2243 577 2323 justitiam
605 2243 751 2303 declaret.
802 2242 991 2319 Confitetur,
1024 2263 1059 2304 se
1087 2247 1210 2304 omnino
1242 2247 1374 2321 nescire,

205 2348 278 2427 quid
298 2347 440 2426 proficiat
461 2346 621 2407 universus
642 2366 746 2407 rerum
761 2345 979 2406 mundanarum
994 2346 1152 2432 decursus,
1174 2367 1265 2425 quem
1283 2367 1375 2409 verae

205 2450 366 2512 felicitatis
393 2449 528 2509 fructum
550 2449 643 2508 homo
673 2468 712 2509 ex
732 2449 826 2508 rebus
847 2449 1048 2510 terrestribus
1074 2454 1234 2528 reportare
1261 2450 1374 2529 possit:

204 2573 283 2628 nam,
307 2572 385 2631 quae
407 2552 475 2629 ipse
497 2557 643 2630 expertus
665 2556 715 2610 est
737 2555 770 2611 et
791 2550 966 2611 meditando
988 2551 1113 2627 invenit,
1135 2551 1375 2613 videntur·indi-

205 2675 287 2730 care,
310 2655 411 2714 omnia
432 2672 507 2714 vana
529 2659 562 2713 et
584 2653 705 2714 consilii
727 2654 866 2733 expertia
883 2673 954 2716 esse
975 2653 1020 2735 (l,
1037 2651 1086 2715 14.
1102 2652 1133 2730 2,
1148 2651 1190 2715 22
1205 2674 1272 2734 sqq.
1288 2660 1373 2734 etc).

205 2759 311 2837 ltaque
334 2756 476 2836 quoniam
505 2756 536 2816 in
557 2756 768 2817 Ecclesiastae
796 2757 895 2818 animo
917 2756 967 2836 pia
987 2757 1083 2833 fides,
1111 2778 1202 2837 qnam
1228 2778 1290 2819 non
1311 2760 1375 2820 vult

205 2860 358 2937 abjicere,
385 2864 477 2939 atque
498 2858 702 2939 intelligentia
722 2860 805 2919 inter
826 2878 862 2920 se
884 2859 1042 2921 discordes
1065 2866 1151 2936 sunt,
1173 2880 1303 2923 necesse
1326 2867 1375 2922 est

205 2958 286 3032 lieri,
307 2968 341 3017 nt
362 2961 435 3020 alias
457 2961 538 3022 aliud
553 2961 661 3021 endem
684 2960 780 3021 dere
803 2962 917 3022 sentiat
938 2967 971 3023 et
992 2981 1098 3023 secum
1112 2962 1180 3041 ipse
1194 2969 1319 3043 pugnet.
1333 2999 1375 3011 -

205 3061 331 3123 Homini
353 3063 395 3121 nil
416 3064 568 3142 reliquum
590 3082 661 3123 esse
683 3067 805 3138 censet,
835 3063 894 3123 nisi
915 3069 950 3124 ut
970 3064 1014 3123 ita
1035 3064 1130 3139 visat,
1158 3066 1245 3142 quasi
1273 3072 1375 3128 exstet

206 3166 324 3226 divinus
346 3164 431 3240 ordo,
454 3186 544 3244 quem
566 3165 696 3225 credere
718 3164 824 3238 debet,
845 3165 921 3225 licet
942 3185 1012 3225 eum
1034 3184 1095 3225 non
1116 3167 1276 3247 intelligat.
1321 3169 1374 3229 Ti-

205 3273 289 3330 meat
314 3268 407 3347 igitur
434 3269 526 3328 homo
548 3268 646 3328 licum
669 3270 702 3325 et
723 3271 827 3326 servet
848 3271 1014 3345 praecepta
1036 3267 1103 3346 ejus
1131 3263 1186 3342 (3,
1209 3264 1261 3332 34.
1282 3267 1321 3345 5,
1341 3267 1374 3331 6.

207 3367 257 3445 12,
281 3366 363 3448 13.);
386 3368 504 3428 fruatur
526 3372 643 3446 (tamen
665 3375 755 3428 caute
777 3364 828 3442 ll,
850 3361 896 3443 9.)
917 3367 998 3426 vitae
1019 3367 1117 3442 bonis,
1140 3387 1218 3445 quae
1239 3370 1322 3433 Dens
1344 3375 1375 3433 ei

205 3472 313 3533 tribuit
336 3467 380 3548 (3,
405 3467 457 3530 12.
478 3467 510 3545 5,
534 3465 583 3530 18.
606 3464 637 3544 9,
658 3466 689 3529 9.
712 3471 798 3546 αα),
819 3488 890 3527 nam
911 3487 1029 3529 summa
1051 3474 1100 3528 est
1121 3470 1252 3531 stultitia
1265 3473 1375 3534 confici

206 3592 348 3633 moerore
371 3569 415 3649 (4,
436 3570 467 3632 5.
490 3573 581 3651 etc),
609 3591 791 3650 quamquam
812 3575 845 3632 et
866 3570 934 3650 ipse
954 3570 1162 3631 Ecclesiastes
1191 3592 1374 3652 moerorem,

207 3691 267 3748 quo
289 3675 451 3748 laceratur,
474 3680 507 3734 et
527 3674 609 3734 vitae
630 3672 767 3733 taedium
789 3692 850 3733 non
871 3677 978 3752 potest
999 3672 1190 3751 dissimulare
1212 3673 1257 3755 (7,
1281 3674 1374 3740 1-4,

208 3773 299 3849 etc).
343 3776 489 3852 Omnino,
518 3796 610 3857 quum
632 3775 807 3854 perfectum
835 3774 986 3856 quoddam
1014 3777 1127 3836 bonnm
1155 3778 1292 3840 invenire
1313 3799 1375 3841 non

206 3873 307 3954 possit
328 3869 383 3950 (6,
407 3874 494 3958 12),
522 3880 617 3959 eligat
638 3898 677 3939 es
697 3878 751 3953 iis,
779 3898 858 3957 quae
879 3879 940 3958 ipsi
960 3881 1119 3959 proposita
1139 3886 1226 3957 sunt,
1248 3883 1376 3944 meliora

208 3982 241 4036 et
261 3976 495 4056 praestabiliorn
516 3981 592 4060 [dos
612 3978 718 4040 relatio
744 3978 840 4060 Guto]
863 3981 921 4062 (cf.
937 3981 967 4058 2,
992 3978 1042 4046 13.
1067 3983 1102 4059 G.
1118 3980 1148 4044 7.
1171 3989 1254 4062 etc).
1287 3986 1375 4048 Hanc

209 4149 264 4156 ·-—--
270 4149 307 4157 -η
315 4151 320 4154 >
327 4150 513 4157 —-·———-·-

293 4248 366 4326 159)
390 4253 506 4320 Quacum
527 4256 658 4313 sententia
679 4274 733 4315 non
754 4266 882 4332 pugnant,
903 4277 971 4334 qnae
992 4261 1171 4319 Ecclesiastes
1195 4258 1223 4335 l,
1246 4261 1374 4322 4-11.

208 4339 326 4412 exponit.
355 4338 419 4395 Nam
440 4340 466 4395 h.
489 4341 508 4396 l.
529 4358 583 4398 non
603 4345 661 4401 rasit
681 4345 766 4417 (quod
779 4346 898 4402 nomnlli
912 4345 1072 4421 interpretes
1086 4348 1254 4420 patavemnt)
1275 4357 1373 4406 osten-

207 4425 282 4495 dere,
305 4424 363 4481 sine
384 4424 488 4481 ratione
511 4434 539 4484 et
561 4428 672 4486 consilio
695 4430 753 4487 lieri
767 4430 870 4503 omnia3
892 4431 942 4488 scd
955 4432 1008 4489 hoc
1022 4431 1112 4504 docet,
1134 4432 1300 4490 hominem
1322 4450 1375 4490 non

207 4509 358 4584 intelligere
381 4511 530 4585 consilium,
552 4513 586 4570 ad
607 4516 679 4586 qnod
699 4523 772 4574 totns
792 4534 881 4574 rernm
902 4516 970 4574 ordo
989 4532 1041 4591 per
1056 4518 1171 4577 alternas
1184 4517 1259 4576 vices
1273 4518 1374 4576 dacnr-

207 4609 271 4652 rens
292 4595 431 4672 dirigatur.
475 4598 516 4657 cf.
539 4600 682 4675 praecipua
703 4597 735 4674 3,
758 4597 810 4660 11.
832 4596 864 4674 8,
887 4595 937 4658 17.

1127 4693 1174 4760 6*
