3150 5300
720 520 771 594 53

144 722 298 783 teremtis
321 728 458 783 extremo
473 723 592 803 judicio
615 724 721 801 (mm
745 704 837 802 ³55ss
859 741 886 784 v.
910 718 988 801 ln).
1032 723 1146 783 Dorum
1169 721 1324 794 cadavera,

145 826 194 887 ait
215 824 387 904 propbeta,
409 830 494 885 enus
516 826 671 886 civitatem
693 825 751 886 Dei
772 831 927 905 prostrata
948 825 1084 887 aeternis
1107 824 1262 904 suppliciis
1284 824 1327 883 ita

147 928 325 988 cruciatum
350 928 402 1002 iri,
429 932 465 987 ut
485 927 644 988 borridum
672 929 812 989 omnibus
840 948 876 989 ac
897 929 1091 990 teterrimum
1119 926 1326 1006 spectaculum

146 1031 333 1111 praebeant.
377 1029 447 1089 'l'ali
474 1029 543 1091 fere
570 1029 662 1090 morlo
682 1031 791 1091 Daniel
819 1037 935 1092 sortem
962 1031 1124 1110 impiorum
1153 1030 1190 1089 ab
1217 1026 1325 1088 inferis

149 1132 372 1193 suscitatorum
392 1131 605 1193 informarisse
626 1132 758 1193 videtur.
782 1167 821 1178 -

708 1305 769 1373 l).

242 1440 430 1518 Quamquam
456 1439 593 1501 Danielis
626 1440 699 1499 libri
726 1440 807 1519 apud
831 1440 965 1501 ludaeos
998 1440 1127 1499 maxima
1161 1437 1325 1498 auctoritas

152 1547 232 1615 erat,
254 1546 287 1601 et
308 1542 492 1621 praesertim
513 1543 599 1602 locus
622 1541 696 1621 Cap'.
721 1538 777 1617 12,
802 1540 817 1602 1
835 1561 881 1622 q.
909 1561 1034 1620 semper
1055 1541 1249 1621 gravissimus
1271 1540 1324 1599 ba-

150 1644 287 1704 bebatur
307 1641 384 1722 ¹⁰³),
410 1650 530 1719 tamen,
553 1643 633 1722 quosl
655 1645 763 1704 mirum
787 1650 851 1719 est,
880 1644 1035 1705 sententia
1056 1642 1096 1703 de
1117 1642 1325 1722 improborum

150 1746 383 1807 resurrectione
410 1748 494 1807 inter
519 1747 652 1809 ludaeos
680 1748 811 1827 vulgaris
839 1767 901 1809 non
929 1752 978 1809 est
1006 1746 1088 1806 facta
1114 1742 1181 1821 104).
1208 1778 1251 1789 -
1277 1744 1325 1802 Er

151 1849 380 1927 antiquioribus
401 1849 586 1910 ludaeorum
608 1850 732 1929 scriptis
754 1848 975 1923 tantummodo,
999 1848 1080 1927 quod
1102 1847 1206 1920 sciam,
1229 1867 1267 1906 ea
1288 1846 1346 1906 11·’

147 1952 202 2011 bri
230 1952 409 2013 Henocbi
436 1972 523 2031 pars,
557 1972 634 2031 quae
662 1953 786 2012 omnino
810 1953 908 2012 rmulta
934 1971 973 2011 ex
994 1951 1120 2010 Daniele
1148 1949 1241 2009 traxit
1267 1947 1322 2025 (C.

148 2050 296 2133 37-70)
319 2052 395 2131 ¹⁰⁵),
418 2075 524 2115 omncs
547 2061 580 2115 et
601 2056 699 2116 bonos
721 2062 754 2115 et
776 2056 872 2115 malos
896 2075 933 2116 en
954 2054 1063 2114 inferis
1084 2052 1261 2112 suscitatum
1284 2050 1324 2109 iri

148 2156 317 2237 perspicue
344 2158 437 2218 docet
459 2159 494 2218 G.
515 2155 574 2233 50,
599 2156 626 2218 l.
650 2155 680 2218 2.
703 2159 772 2219 coll.
796 2154 855 2233 60,
878 2152 909 2218 6.
933 2154 963 2217 7.
987 2154 1058 2230 ¹⁰⁶).
1101 2154 1135 2214 ln
1162 2151 1323 2231 antiquiori

152 2434 282 2491 carentia.
326 2434 367 2489 Gi.
390 2435 454 2490 Dan.
479 2429 509 2506 7,
533 2430 594 2505 ll,
616 2436 662 2491 ubi
683 2438 813 2508 propbeta
836 2452 964 2507 corpus
987 2430 1092 2508 (an)
1114 2432 1199 2489 occisi
1220 2432 1322 2488 auima-

147 2520 188 2576 lis
207 2519 317 2575 munis
338 2519 403 2575 lacit
424 2520 555 2591 traditum,
578 2538 643 2576 sane
665 2537 724 2596 non¹
740 2528 768 2577 ut
791 2528 1007 2590 consumeretur,
1030 2520 1079 2574 sed
1101 2526 1129 2574 ut
1151 2518 1320 2573 cruciaretur.

241 2633 311 2704 103)
338 2633 475 2714 „Uipote
496 2636 549 2717 qni
569 2634 649 2696 solus
667 2638 735 2716 fere
756 2637 797 2697 sit
825 2641 914 2712 (teste
939 2633 1158 2709 Maimonide),
1186 2634 1239 2716 qni
1261 2630 1322 2692 olio

146 2721 284 2802 torqueri
308 2740 368 2780 non
386 2723 497 2801 possit,
526 2741 582 2781 nec
603 2742 623 2780 a
644 2741 731 2782 sensu
752 2720 863 2781 literali
891 2722 935 2782 ad
956 2716 1320 2803 alienoriomlubstrubifl

147 2812 295 2868 Pocock.
318 2816 374 2866 not.
397 2810 473 2866 misc.
496 2811 528 2867 ad
549 2818 620 2883 port.
642 2813 710 2867 llos.
734 2831 760 2885 p.
787 2807 859 2868 128.
881 2842 924 2852 -
946 2811 1106 2882 Quamquam
1128 2816 1156 2864 et
1176 2811 1246 2865 inter
1267 2809 1319 2864 lu-

146 2899 233 2954 daeos
256 2895 429 2967 exstiterunq
448 2895 493 2968 qui
515 2913 575 2951 euru
597 2897 744 2970 allegorica
766 2897 1011 2969 interpretarentur.
1034 2896 1089 2951 vid.
1111 2895 1227 2951 Pocook.
1250 2894 1269 2949 l.
1293 2909 1317 2947 c.

239 3010 313 3088 104)
336 3015 415 3071 Liber
436 3016 594 3086 Barnchi,
618 3016 663 3088 qui
686 3033 720 3071 ex
741 3016 851 3072 Daniele
874 3023 926 3071 tam
940 3017 1020 3071 multa
1035 3014 1138 3085 sumsit,
1161 3021 1190 3069 ut
1204 3014 1323 3089 Hitzig'

148 3101 263 3168 (comm.
287 3101 314 3156 in
335 3101 378 3156 l’s.
400 3117 428 3172 p.
455 3097 514 3156 119
530 3102 583 3173 sq.)
608 3118 667 3157 eum
690 3101 750 3157 libri
771 3101 888 3156 Danielis
910 3101 1013 3157 auctori
1034 3099 1171 3171 assignare
1192 3116 1245 3155 non
1268 3099 1320 3154 du-

147 3187 256 3258 bitaret,
280 3186 315 3241 de
337 3193 499 3242 mortuorum
521 3187 717 3242 resurrectione
739 3187 846 3243 omniuo
869 3188 945 3257 silet,
968 3203 1121 3258 quamquam
1143 3184 1258 3256 scriptor
1281 3214 1318 3224 -

148 3273 223 3343 quod
246 3289 282 3327 ex
303 3271 346 3342 iis,
370 3271 492 3343 quaeda
515 3271 607 3327 inieris
629 3271 721 3328 statuit
743 3267 789 3344 (2,
817 3267 863 3327 17.
888 3272 949 3328 coll.
973 3266 1003 3342 3,
1028 3266 1082 3345 19)
1107 3270 1198 3341 colligi
1220 3275 1319 3341 potest,

149 3371 239 3427 neque
261 3357 405 3428 sapientiae
428 3356 532 3412 divinae
555 3357 736 3431 descriptione
758 3357 785 3412 in
808 3357 870 3430 Cap.
888 3353 916 3413 3.
940 3356 1077 3431 proposita
1098 3355 1266 3426 redarguitur
1281 3385 1318 3394 -

151 3441 187 3495 ab
201 3439 430 3498 Alexandrinismo
453 3442 554 3497 alienus
577 3442 659 3498 luisse
674 3442 789 3513 videtur,
813 3443 900 3514 eique,
922 3442 946 3497 si
962 3449 1122 3498 mortuorum
1137 3440 1318 3496 resurrectio·

148 3542 211 3581 ncnr
233 3525 363 3584 voluisset
385 3543 601 3597 commemorare,
624 3527 651 3583 in
672 3528 736 3600 Cap.
761 3525 790 3583 5.
814 3534 978 3600 opportunus
999 3527 1075 3583 locus
1098 3527 1174 3583 datus
1196 3533 1261 3582 erat.

236 3641 309 3715 105)
332 3646 362 3702 0.
387 3641 522 3702 37-70.
546 3663 599 3702 non
621 3646 653 3702 ab
676 3648 787 3715 eodem,
812 3647 855 3718 qui
878 3653 982 3702 ceteras
1005 3646 1065 3702 libri
1087 3653 1176 3718 partes
1199 3644 1318 3717 scripsit,

147 3731 313 3802 compositas
335 3749 413 3803 esse,
431 3732 487 3803 jam
508 3731 687 3788 Hollmann
710 3730 760 3803 (ad
783 3727 835 3802 37,
863 3728 889 3787 1.
913 3729 963 3802 45,
987 3726 1032 3803 3.)
1055 3732 1205 3803 suspicatus
1227 3737 1270 3786 est
1292 3737 1320 3786 et

146 3816 224 3876 Ern.
246 3815 395 3887 Krieger
416 3816 442 3870 iu
464 3816 542 3872 libro
555 3834 639 3890 nuper
661 3818 734 3873 edito
762 3812 877 3886 (Beitr.
900 3833 951 3872 zur
974 3811 1075 3871 Kritilr
1096 3813 1162 3872 und
1181 3812 1319 3890 Erepesc

147 3920 182 3975 p:
200 3895 241 3954 35
258 3908 336 3970 sqq.)
359 3902 423 3957 satis
445 3902 583 3957 evidenter
604 3903 804 3959 demonstravit.
848 3902 946 3958 Eadem
967 3902 1133 3972 recentiora,
1161 3918 1212 3958 nec
1233 3909 1318 3957 tamen

147 4004 202 4042 non
223 3983 353 4042 iudaicae
375 3986 486 4058 originis
509 4004 580 4057 esse,
604 3989 683 4044 etiam
704 3987 768 4043 mihi
790 3988 897 4044 videtur
917 3987 974 4043 veri
996 3987 1163 4043 simillimum.

239 4099 311 4175 106)
334 4101 364 4158 C.
389 4100 442 4174 50,
462 4103 490 4162 l.
514 4102 543 4161 0.
568 4105 614 4179 (ex
635 4107 851 4179 interpretatione
872 4102 1032 4180 Hoffmanni)
1068 4100 1130 4172 „ln
1142 4104 1237 4183 jacen
1261 4100 1317 4161 Ta·

146 4203 208 4264 pen
236 4182 363 4244 cotidie
383 4184 468 4246 Erde
495 4185 657 4267 uusliefcrn
685 4208 740 4247 aus
761 4185 854 4247 ilicem
875 4187 1021 4247 &baasae
1047 4187 1113 4246 und
1138 4187 1190 4247 die
1216 4185 1318 4248 Untcr-

147 4266 219 4329 aoelt
238 4289 292 4329 our
313 4269 380 4329 dent
401 4271 519 4350 iliripen
541 4273 607 4347 das,
629 4294 691 4333 was
713 4274 756 4331 sie
777 4272 910 4333 erbalten
930 4271 991 4341 tat,
1013 4271 1078 4331 oud
1098 4271 1153 4331 der
1173 4272 1321 4350 Abprund

147 4353 207 4415 soll
231 4355 435 4435 wiederpcben
463 4357 534 4428 das,
560 4379 622 4418 was
644 4378 677 4417 er
702 4356 841 4437 sebaldip
868 4360 915 4418 ist.
958 4355 1003 4416 Dr
1023 4357 1103 4417 wind
1123 4356 1318 4417 artarcbeiden

146 4441 200 4500 dte
224 4437 389 4501 Gerecbten
410 4441 476 4500 arrd
497 4441 635 4523 Heilipen
656 4464 711 4503 aas
733 4441 836 4512 ibren,
863 4444 943 4504 donn
965 4442 1020 4502 der
1044 4440 1107 4521 Tap
1129 4441 1210 4502 ilrrer
1231 4438 1317 4500 Eriti-

146 4544 223 4603 snnp
243 4525 560 4585 istbcrbeilcornmen.“
583 4563 622 4575 -
639 4533 820 4606 ‚Perspicuum
843 4541 894 4603 est,
916 4532 1075 4604 scriptorem
1097 4533 1131 4587 do
1153 4531 1268 4588 omniurn
1290 4539 1318 4588 ct

147 4615 277 4673 bonorum
299 4622 328 4673 ct
348 4615 476 4672 malorum
497 4615 584 4673 reditu
611 4634 646 4675 ex
668 4618 762 4676 inieris
782 4618 867 4693 loqui.
910 4619 986 4688 Quae
1007 4617 1145 4690 queneto
1173 4625 1328 4688 congruant
