3150 5300
160 1638 271 1752 vetus
293 1690 526 1752 Testamentum
548 1689 621 1771 quid
642 1689 682 1751 de
703 1690 797 1752 rebus
819 1695 891 1771 post
905 1697 1036 1752 mortem
1050 1692 1162 1753 futuris
1176 1694 1329 1769 statuerit,

160 1794 329 1875 exposituri
351 1794 562 1873 quaestionem
584 1791 793 1873 aggredimur,
822 1791 861 1854 de
884 1812 943 1873 qua
964 1812 1058 1873 saepe
1086 1800 1177 1875 atque
1204 1795 1236 1856 in
1258 1814 1329 1857 con-

158 1898 268 1957 trarias
295 1900 400 1976 partes
429 1901 478 1955 est
511 1886 714 1975 disputatum.¹
757 1894 836 1956 Nam
865 1897 1106 1977 quotiescunque
1138 1898 1170 1958 in
1197 1898 1331 1960 ecclesia

160 2000 328 2060 christiana
349 1996 389 2058 dc
409 1998 546 2073 ratione,
574 2017 653 2076 quae
674 1995 784 2058 Veteri
806 1996 1008 2058 Testamento
1036 2019 1105 2060 cum
1127 1997 1213 2060 Novo
1235 2001 1330 2061 inter-

161 2102 301 2175 cederet,
324 2101 533 2160 controversia
554 2100 682 2175 exstitit,
705 2101 798 2161 etiam
819 2100 893 2161 illud
917 2101 1040 2161 solitum
1061 2107 1111 2163 est
1131 2102 1163 2162 in
1177 2102 1330 2182 discepta-

160 2203 279 2263 tionem
300 2203 412 2277 vocari,
435 2209 619 2270 aeternaene
641 2222 677 2263 ac
699 2204 843 2264 coelestis
864 2204 945 2263 vitae
966 2222 1038 2283 spes
1060 2205 1117 2265 sub
1132 2202 1204 2266 Vct.
1220 2205 1330 2265 Testa·

161 2311 266 2365 mento
289 2309 374 2365 esset
395 2306 543 2381 excitata,
571 2325 610 2365 an
631 2304 664 2365 id
685 2306 776 2385 hujus
798 2306 879 2366 vitae
909 2306 1049 2366 terminis
1074 2326 1110 2367 ac
1135 2307 1331 2369 terrestrium

160 2409 310 2468 bonorum
332 2409 536 2488 promissione
558 2425 646 2488 spem
668 2409 830 2468 humanam
853 2408 1156 2488 circumscripsisset.

244 2510 396 2588 Antiquae
424 2510 576 2571 ecclesiae
603 2511 756 2590 theologi,
786 2530 876 2589 quam
904 2510 1031 2570 multum
1058 2510 1117 2571 hac
1138 2510 1170 2570 in
1191 2530 1227 2571 re
1248 2509 1331 2571 inter

160 2616 323 2691 utrumque
345 2610 580 2673 Testamentum
600 2613 782 2688 interesset,
805 2611 964 2692 quominus
982 2612 1211 2692 intelligerent,
1233 2612 1329 2693 impe·

159 2714 218 2774 diti
239 2720 310 2774 sunt
332 2715 506 2794 allegorica,
529 2734 607 2795 quac
628 2720 694 2775 tum
715 2715 865 2794 temporis
887 2716 1050 2795 regnabat,
1071 2713 1196 2776 Veteris
1219 2714 1330 2775 Testa-

158 2818 255 2878 menti
279 2817 550 2896 interpretatione,
573 2817 659 2898 cujus
682 2835 751 2898 ope,
774 2817 977 2897 quodcunque
998 2818 1098 2893 libuit,
1121 2837 1159 2878 ex
1180 2816 1252 2878 Vet.
1268 2817 1329 2878 Te·
1356 2864 1360 2873 .

159 2924 314 2979 stamento
336 2926 481 2999 repetere
510 2921 575 2980 ausi
598 2924 677 2980 sunt.
721 2920 825 2998 Quid?
856 2919 1030 2980 lustinus
1056 2919 1218 2998 Martyr,
1248 2919 1329 2980 (lle-

159 3040 263 3083 mens
292 3022 575 3082 Alexandrinus
603 3027 637 3082 et
664 3022 730 3098 alii,
766 3022 818 3101 qui
844 3022 1028 3083 ludaeorum
1055 3021 1330 3083 Alexandrinorum

160 3124 374 3184 auctoritatem
397 3124 455 3184 hac
477 3123 566 3184 inre
588 3124 687 3185 secuti
708 3128 790 3198 sunt,
812 3143 873 3183 non
894 3124 1109 3185 dubitaverunt
1130 3125 1328 3201 contendere,

159 3227 253 3286 etiam
268 3227 404 3287 Graecos
419 3227 630 3307 philosophos,
645 3227 806 3288 Platonem
820 3227 1013 3307 praesertim,
1036 3247 1128 3307 quum
1142 3226 1174 3287 in
1187 3227 1329 3306 Aegypto

157 3328 258 3388 Mosis
287 3335 321 3388 et
341 3330 560 3408 prophetarum
583 3327 687 3422 libros
702 3329 917 3409 cognovissent
938 3326 978 3406 ¹),
1006 3328 1046 3388 dc
1067 3329 1128 3388 vita
1152 3329 1244 3390 beata
1269 3329 1329 3409 piis

158 3435 388 3509 postmortem
415 3431 574 3509 proposita
601 3438 634 3492 et
662 3432 702 3492 dc
728 3431 938 3512 improborum
965 3431 1122 3511 suppliciis
1151 3430 1262 3492 futuris
1290 3450 1329 3493 er

158 3529 230 3593 Vet.
253 3531 456 3593 Testamento
478 3531 628 3593 certiores
650 3550 721 3594 esse
742 3532 842 3594 iactos
860 3530 897 3613 ²).
925 3532 1132 3594 Haeretici
1153 3533 1244 3612 primi
1259 3532 1326 3595 fue·

210 3764 219 3877 ξ
244 3786 274 3865 1)
298 3791 360 3850 vn.
382 3793 452 3849 Just.
473 3793 508 3849 n.
533 3794 593 3850 aaa.
616 3794 650 3850 aa
671 3791 717 3850 or.
741 3790 791 3850 ιι.
815 3789 867 3850 ao.
890 3788 941 3849 ιι.
971 3793 1034 3851 oon.
1054 3792 1176 3851 Aaron
1198 3793 1260 3850 sao.
1283 3810 1326 3867 ap.

156 3876 257 3933 Euseb·
279 3894 370 3950 praep.
393 3894 490 3951 evang.
512 3879 582 3949 Xlll,
606 3874 656 3935 12.
678 3908 723 3921 -
743 3878 887 3952 Augustin.
910 3879 996 3936 doctr.
1020 3878 1112 3935 christ.
1126 3879 1161 3950 ll,
1182 3874 1233 3935 29.
1251 3886 1278 3935 et
1292 3880 1326 3936 al.

242 3989 273 4067 λ)
295 3995 327 4052 E.
351 4014 379 4069 g.
403 3996 503 4053 Clean.
526 3997 623 4054 Alex.
646 3997 744 4055 strom.
766 3999 794 4069 1,
820 3992 876 4068 19,
898 3997 943 4053 nbi
965 3996 1083 4054 Socratis
1105 3997 1186 4053 verba
1207 4014 1243 4053 ex
1263 3997 1327 4053 Pla-

158 4077 229 4133 tonis
248 4080 346 4137 Phaed.
369 4081 398 4136 C.
416 4077 465 4138 13.
490 4083 717 4155 commemoravit,
738 4083 776 4140 ita
798 4081 901 4156 pergit:
923 4075 986 4152 „o'cp'
1010 4081 1025 4138 ιλ
1047 4083 1128 4139 δοκεῖ
1146 4099 1189 4138 σοι
1210 4086 1328 4145 πίστεως

157 4160 190 4218 tu
212 4165 265 4215 τῶν
278 4163 433 4235 Ἑβραϊκῶν
460 4171 576 4238 γραφῶν
601 4170 653 4239 τὴν
675 4170 745 4239 μετὰ
765 4167 893 4224 θάνατον
921 4166 1017 4225 ἐλπίδα
1043 4171 1074 4224 τῦ
1097 4169 1186 4224 δικαία
1209 4171 1325 4238 namqui·

157 4248 256 4322 ζειν;“
277 4278 319 4288 -—
340 4251 413 4307 ldem
434 4253 532 4310 Strom.
554 4252 589 4324 V,
612 4250 653 4309 ld
676 4252 754 4310 dicit:
794 4251 872 4323 ’,,τὸις
894 4248 963 4322 paeni
984 4248 1111 4309 θάνατον
1132 4253 1257 4314 κολάσεις
1278 4253 1326 4309 καλ

156 4329 209 4402 τὴν
231 4333 277 4387 διὰ
298 4334 388 4400 πυρὸς
408 4343 541 4409 τιμωρίαν
562 4335 619 4395 ἀπὸ
640 4340 690 4409 τῆς
709 4337 835 4410 βαρβᾶρο
858 4336 901 4411 (h.
925 4353 950 4392 e.
972 4338 1129 4413 hebraicae)
1159 4341 1326 4408 palocopiam

156 4412 176 4487 ἥ
197 4438 227 4473 τε
250 4416 379 4488 ποιητικὴ
402 4424 477 4475 πᾶσα
491 4427 577 4480 Mica
598 4420 666 4480 ἀλλὰ
687 4423 734 4480 καλ
749 4420 927 4493 ἡἛλληαικὴ
943 4427 1094 4491 φιλοσοφία
1108 4421 1266 4492 ὖφελλειο.“
1283 4453 1325 4467 -

156 4502 173 4558 J
179 4510 245 4559 nst.
267 4503 302 4559 ll.
325 4503 352 4560 in
375 4506 436 4561 coh.
459 4508 492 4562 ad
514 4507 558 4564 Gr.
581 4507 611 4566 G.
627 4504 678 4566 27.
702 4515 805 4579 censet,
826 4508 961 4564 Platonem
982 4507 1009 4565 in
1030 4509 1076 4566 illu
1097 4510 1132 4565 de
1147 4507 1263 4565 Ardiaeo
1279 4508 1324 4583 λος

157 4588 217 4644 bula
239 4587 307 4663 (rep.
329 4590 365 4662 X,
386 4609 414 4664 p.
437 4586 499 4649 615
515 4595 571 4666 sq.)
592 4600 664 4652 tecte
677 4594 740 4652 Vet.
755 4592 919 4652 Testamenti
938 4593 1093 4651 doctrinam
1102 4594 1142 4648 ds
1155 4592 1268 4661 'quidnam
1280 4591 1339 4641 uu-

1122 4682 1155 4744 X
