3150 5300
724 526 813 600 ot

198 730 262 791 hoc
283 730 329 809 pii
350 730 507 792 lsraiilitae
534 733 641 811 procul
668 732 794 795 habent.
837 732 915 795 Nam
938 741 1159 815 cognoverunt,
1186 738 1285 798 Deum
1311 757 1372 799 non

200 853 272 894 cum
301 851 387 908 esse,
416 834 466 913 qui
494 835 602 894 mortis
631 840 664 894 et
686 834 760 896 0rci
788 837 1024 912 necessitatem,
1053 857 1142 917 quam
1169 839 1238 919 ipse
1265 842 1373 919 generi

200 936 338 996 humano
360 937 505 1017 injunxit,
531 937 691 1016 frangere,
713 938 763 997 vel
785 944 872 999 certe
893 939 1134 1002 tolerabiliorem
1156 948 1272 1002 sortem
1292 942 1374 1022 apud

202 1038 321 1099 inferos
343 1058 452 1117 parare
466 1045 609 1117 nequeat,
632 1038 831 1120 dummodo
852 1041 955 1101 velit.
986 1041 1075 1118 Quod
1088 1048 1213 1121 praeter
1227 1063 1273 1120 ea,
1295 1063 1373 1123 quae

206 1141 236 1201 in
258 1141 471 1220 superioribus
500 1148 738 1202 commemorata
765 1148 851 1216 sunt,
879 1143 924 1212 illi
946 1142 1060 1204 docent
1081 1145 1157 1219 loci,
1185 1146 1294 1223 quibus
1315 1146 1374 1207 Dei

205 1244 263 1304 rim
286 1249 321 1306 et
344 1244 550 1323 praesentiam
571 1243 610 1305 ad
632 1244 749 1305 inferos
772 1265 892 1325 quoque
907 1246 1064 1325 pertinere
1086 1245 1150 1325 (Ps.
1167 1243 1239 1321 139,
1253 1246 1284 1310 8.
1305 1248 1374 1309 Joh.

206 1340 259 1420 lo,
282 1343 355 1421 5.),
383 1346 498 1406 Orcum
526 1366 629 1407 coram
655 1348 721 1407 Deo
750 1348 896 1408 nudatum
923 1353 1030 1427 patere
1058 1347 1144 1432 (lob.
1167 1344 1224 1424 26,
1246 1344 1277 1410 6.
1303 1351 1374 1411 coll.

209 1446 291 1508 Prov.
317 1444 367 1522 15,
393 1444 457 1527 11.)
479 1449 705 1528 pronunciatur.
735 1449 895 1526 Quomodo
917 1450 1010 1530 igitur
1031 1470 1101 1512 enm
1121 1452 1180 1512 Dei
1200 1454 1376 1531 potentia

209 1550 408 1632 ejusdemque
436 1557 569 1611 sancta
600 1556 634 1612 et
661 1552 829 1632 benigna
854 1553 1059 1614 voluntate
1093 1554 1192 1614 tristis
1217 1555 1376 1616 hominum

207 1653 341 1715 conditio
363 1653 466 1714 futura
487 1655 644 1729 eonvenit3
667 1656 819 1734 quomodo
840 1655 911 1716 lieri
932 1662 1051 1736 potest,
1074 1662 1109 1717 ut
1129 1657 1223 1732 Deus,
1245 1675 1321 1736 qnos
1343 1659 1376 1720 in

205 1756 262 1817 hac
283 1760 371 1818 terro
391 1774 517 1816 summo
538 1756 757 1836 dignatusest
782 1759 918 1833 honore,
947 1777 1023 1838 quos
1045 1757 1145 1839 diligit
1171 1763 1205 1819 et
1230 1760 1375 1835 custodit,
1401 1751 1404 1756 ’

207 1865 279 1920 eta
300 1858 411 1938 quibus
432 1860 500 1938 ipse
522 1860 582 1920 coli
604 1880 640 1921 ac
662 1861 815 1922 celebrari
836 1862 910 1935 vult,
933 1879 988 1922 eos
1009 1861 1041 1921 in
1063 1862 1146 1923 illam
1166 1862 1289 1923 tristem
1310 1882 1375 1923 sor·
1481 1895 1484 1901 ·

204 1968 269 2023 tem
290 1961 402 2036 tradat,
424 1980 526 2040 neque
548 1962 676 2041 amplius
699 1982 786 2024 suum
808 1963 904 2042 ipsius
926 1982 1005 2043 opus
1025 1962 1197 2026 desideret!
1219 1964 1283 2044 (Cf.
1306 1963 1375 2026 lob.

206 2061 257 2140 10,
278 2059 362 2142 Ssq.
387 2060 436 2137 14,
460 2060 501 2123 15
515 2064 586 2141 sq.).

290 2164 326 2244 2)
352 2166 462 2245 Aliqua
489 2172 637 2246 exparte
663 2167 781 2228 levatur
808 2187 846 2229 ea
872 2168 1055 2243 difficultas,
1082 2166 1137 2228 ubi
1158 2173 1301 2247 reputant
1322 2168 1375 2248 pii,

205 2269 244 2329 olr
268 2268 301 2328 id
321 2269 438 2348 ipsum,
466 2269 548 2347 quod
568 2270 702 2330 hominis
724 2271 786 2330 rita
807 2270 925 2351 fragilis
947 2271 989 2331 sit
1010 2276 1044 2331 et
1066 2268 1198 2345 caduca,
1224 2271 1323 2331 Deum
1343 2271 1376 2331 in

206 2371 352 2431 mortales
373 2363 504 2450 largiora
524 2372 678 2433 beneficia
699 2372 854 2447 conferre,
877 2373 987 2451 quibus
1009 2372 1118 2451 exiguo
1140 2373 1221 2433 vitae
1234 2378 1375 2453 tempore

205 2473 280 2533 laeti
300 2472 441 2533 fruantur
463 2472 527 2548 (Pr.
552 2471 624 2550 103,
648 2470 698 2535 13.
722 2480 755 2534 et
777 2473 841 2553 al.).
886 2474 1036 2550 Quocirca
1057 2473 1171 2534 Psalmi
1193 2474 1247 2534 XC
1270 2482 1377 2536 auctor

204 2577 267 2637 hoc
293 2596 312 2635 a
333 2575 399 2636 Deo
425 2583 584 2657 precatur,
611 2583 646 2638 ut
666 2581 795 2658 propter
821 2576 903 2637 ritae
929 2577 1080 2637 humanae
1107 2575 1291 2637 brevitatem
1312 2578 1374 2637 cito

206 2698 367 2741 servorum
394 2699 518 2741 suorum
539 2682 736 2755 misereatur,
763 2699 823 2740 nec
843 2679 996 2740 beneficia
1017 2697 1072 2740 sua
1092 2679 1196 2740 tardet
1223 2679 1284 2759 (of.
1306 2680 1375 2741 lob.

206 2779 258 2857 lo,
280 2778 324 2842 20
339 2780 441 2866 ειμι),
470 2783 554 2863 ipsos
577 2803 649 2844 vero
675 2783 817 2843 homines
844 2782 965 2862 paucis,
995 2782 1047 2861 qni
1071 2781 1111 2842 iis
1139 2782 1278 2843 concessi
1304 2782 1376 2856 sint,

203 2883 286 2946 vitae
309 2883 418 2944 diebus
440 2885 598 2964 sapienter
618 2886 663 2946 uti
686 2886 799 2945 doceat
820 2883 886 2966 (Ps.
908 2880 961 2959 90,
984 2881 1135 2964 12-17.)
1158 2880 1227 2960 ¹³⁶).

293 2986 358 3046 Sed
383 2987 433 3047 lris
461 2988 602 3048 omnibus
631 2987 845 3048 sollicitudinis
873 2987 997 3047 aculeus
1025 3003 1086 3045 non
1112 2986 1203 3064 plane
1225 2971 1375 3046 evellitur.

204 3088 333 3150 Etenim
355 3089 455 3167 quoad
476 3090 520 3169 pii
542 3089 679 3169 quietum
700 3089 781 3151 vitae
803 3106 926 3149 cursum
947 3092 1056 3148 tenere
1078 3092 1221 3166 possunt,
1248 3106 1306 3147 nec
1326 3106 1376 3148 re-

205 3191 266 3251 bus
293 3191 429 3252 adversis
456 3192 546 3253 nimis
573 3192 803 3267 conflictantur,
834 3191 968 3252 fortasse
996 3189 1143 3251 sufficere
1170 3193 1275 3268 potest
1301 3189 1377 3249 illud

207 3292 360 3354 solatium.
404 3295 506 3355 Aliter
532 3314 568 3356 se
593 3312 646 3356 res
673 3294 785 3370 habet,
814 3313 906 3373 quum
933 3292 1074 3375 gravibus
1101 3292 1151 3353 vel
1173 3292 1376 3353 communium

294 3548 370 3630 135)
398 3553 439 3609 Cl.
462 3554 736 3628 Hengstenherg
765 3555 800 3611 od
821 3556 839 3610 l.
862 3571 886 3610 c.
915 3552 1026 3628 (comm.
1050 3553 1079 3609 Τ.
1102 3554 1197 3627 lllp.
1221 3549 1310 3620 548).
1335 3584 1377 3595 -

205 3638 346 3710 Perperam
369 3640 488 3695 nonnulli
509 3657 535 3697 v.
561 3637 610 3697 19.
633 3641 854 3697 immortalitatem
875 3639 989 3696 hominis
1012 3639 1159 3695 oonllnnuri
1182 3638 1282 3712 opinati
1304 3645 1374 3696 suut.

206 3720 272 3776 Vid.
294 3724 465 3782 Susslrind
486 3726 505 3781 l.
523 3742 547 3781 c.
569 3744 596 3799 p.
613 3722 702 3797 886,
725 3726 819 3782 Stier
840 3729 947 3791 (comm.
970 3724 997 3781 in
1019 3725 1037 3779 l.
1055 3724 1102 3798 o),
1125 3726 1200 3795 cujus
1221 3725 1302 3780 verba
1317 3730 1379 3781 sunt

207 3808 292 3863 haec:
315 3802 427 3875 „Derm
447 3808 543 3868 sooria
563 3804 647 3866 sollte
668 3807 720 3867 die
738 3805 889 3876 Wcr'alrelt,
910 3806 962 3866 die
976 3825 1031 3865 aus
1045 3805 1100 3865 der
1114 3803 1308 3865 Brkennmiss
1323 3805 1379 3870 der

209 3885 312 3946 Kairze
332 3887 386 3946 des
407 3889 522 3951 Ledeue
544 3892 724 3971 entrprinpt,
751 3889 900 3968 herecee,
922 3888 968 3951 als
988 3891 1021 3949 in
1042 3889 1110 3951 dem
1134 3889 1279 3950 liechies
1299 3888 1379 3949 nacla

211 3973 308 4032 circem
329 3972 466 4033 weitcrcn
489 3975 600 4037 Zicl?“
642 3982 715 4037 Idem
737 3979 787 4055 (ad
808 3998 835 4038 v.
858 3976 906 4052 3.,
928 3979 974 4036 ubi
995 3979 1075 4036 verba
1106 3986 1185 4086 0pr
1209 3986 1266 4068 ’pq
1289 3979 1378 4049 mig

210 4108 276 4166 καθ’
299 4111 438 4170 ὑπόνοιαν
469 4115 503 4171 de
523 4124 684 4174 mortuomm
705 4117 904 4173 resurrectione
926 4115 1058 4189 explicata
1078 4115 1166 4187 vult),
1194 4131 1259 4185 eos,
1286 4114 1331 4188 qui
1353 4113 1380 4171 in

210 4197 314 4269 vulgari
342 4199 465 4257 carminis
491 4200 710 4276 interpretatione
738 4202 925 4273 acquiescunt,
954 4217 1007 4258 non
1036 4199 1138 4258 dubitat
1164 4199 1200 4256 ita
1227 4200 1379 4274 increpare:

208 4280 293 4355 „wie
313 4283 396 4339 wore
417 4282 496 4342 dena
517 4284 560 4344 da
584 4282 658 4344 Gott
677 4284 742 4344 cine
763 4281 903 4342 Heimutlr
928 4283 994 4343 aad
1016 4279 1170 4361 Zufluolrt,
1195 4283 1252 4343 wic
1272 4282 1381 4341 lrdnote

211 4364 292 4424 donn
314 4364 358 4424 da
379 4365 479 4428 Mores
504 4367 570 4427 dier
591 4369 651 4429 den
672 4367 797 4448 Ewiym
822 4388 856 4428 so
878 4369 1021 4447 corofon,
1049 4367 1105 4426 wie
1124 4370 1206 4426 ardre
1232 4367 1311 4428 dena
1339 4366 1382 4426 da

210 4449 287 4510 Sino
300 4450 368 4511 aad
387 4450 543 4520 Veretum,
566 4453 638 4514 dass
658 4455 714 4514 wir
734 4450 916 4514 nucleolos
936 4471 1037 4530 rupee,
1062 4450 1199 4512 Proelia
1220 4450 1288 4511 dem
1307 4469 1381 4530 parc·

210 4553 264 4594 zen
285 4534 418 4597 Dicde.“
446 4571 488 4584 —
516 4541 565 4597 Cui
586 4543 788 4614 reprehensioni
810 4542 861 4613 iis,
890 4547 1033 4613 questum
1059 4540 1087 4596 in
1109 4541 1194 4616 prime
1220 4542 1300 4613 lrujns
1320 4539 1381 4597 libri

211 4630 287 4696 perte
302 4626 488 4698 exposuimus,
511 4633 565 4684 turn
586 4627 666 4702 poulo
686 4634 753 4704 post
773 4627 950 4698 disseremus,
966 4625 1212 4700 satisnesponanm
1220 4626 1393 4682 arnimar.

1157 4719 1207 4781 ξι
