3150 5300
764 505 814 580 73

202 711 290 772 Alios
323 710 469 790 quosdam
495 711 598 786 locos,
631 711 683 790 qui
711 708 823 771 eodem
854 714 1010 789 spectant,
1043 711 1132 790 paulo
1164 716 1236 790 post
1262 712 1369 772 lustra·

202 814 315 876 bimus.

289 912 324 992 3)
346 916 483 995 Apparet
502 916 606 995 igitur,
628 932 736 974 revera
757 914 877 994 piorum
891 913 1026 975 Jehovae
1041 914 1189 976 cultomm
1211 933 1278 975 eam
1300 933 1371 976 esse

202 1018 397 1093 felicitatem,
420 1039 499 1097 quae
513 1025 686 1097 temporum
701 1016 960 1077 vicissitudinibus
975 1036 1036 1076 non
1050 1018 1091 1077 sit
1105 1018 1252 1097 subjecta.
1288 1017 1370 1077 Alie-

205 1122 367 1181 nissimum
390 1120 513 1198 quidem
526 1140 553 1204 'a
574 1120 626 1198 pio
648 1118 786 1179 Israelita
808 1124 857 1178 est
878 1119 963 1194 illud,
987 1119 1067 1197 quod
1089 1120 1186 1180 Stoici
1202 1120 1370 1201 jactabant,

204 1222 242 1283 ad
263 1223 358 1284 beate
379 1223 540 1283 vivendum
562 1223 706 1283 virtutem
728 1240 763 1283 se
784 1221 853 1301 ipsa
874 1240 944 1281 esse
968 1226 1152 1296 contentam,
1176 1227 1209 1282 et
1230 1222 1309 1282 bano
1331 1221 1371 1282 ob

205 1345 324 1387 causam
350 1325 493 1386 fortunae
519 1325 682 1386 tormentis
711 1324 858 1403 sapientis
887 1324 1018 1384 animum
1045 1343 1106 1384 non
1133 1325 1263 1385 concuti.
1309 1324 1372 1384 Sed

206 1428 285 1489 aliud
306 1428 360 1488 ille
383 1428 537 1507 cognitum
558 1428 655 1487 babet
677 1431 710 1486 et
723 1426 842 1487 firmius
857 1427 967 1486 beatae
981 1428 1062 1487 vitae
1076 1427 1276 1505 praesidium:
1300 1446 1371 1487 con·

205 1531 319 1609 quievit
339 1530 372 1589 in
393 1549 497 1591 amore
518 1529 587 1604 Dei,
608 1529 641 1589 in
663 1529 749 1609 cujus
771 1528 947 1607 praesentia
967 1546 1044 1588 unns
1066 1527 1133 1588 dies
1156 1535 1241 1589 actus
1257 1528 1371 1590 diutur-

205 1650 258 1694 nae
282 1633 374 1707 ritae,
396 1633 493 1712 gratia
515 1633 582 1713 ejus
604 1649 720 1707 cassae,
743 1632 834 1711 longe
857 1636 906 1692 est
927 1630 1145 1691 anteferendus
1168 1631 1222 1711 (cf.
1245 1630 1296 1692 Ps.
1318 1630 1371 1708 27,

205 1732 232 1796 4.
252 1731 308 1810 63,
328 1733 360 1795 4.
382 1731 434 1810 84,
459 1731 508 1795 ll.
532 1732 623 1818 etc),
656 1734 755 1795 etsie
777 1733 893 1808 omnia,
917 1752 994 1812 quae
1016 1732 1128 1795 cadere
1149 1734 1181 1794 in
1201 1733 1294 1794 vitam
1315 1734 1370 1795 bu-

206 1857 323 1900 manam
349 1838 485 1916 possint,
514 1835 640 1899 adversa
668 1837 776 1897 subter
804 1854 838 1896 se
864 1835 970 1895 habet.
1002 1870 1038 1879 -
1066 1834 1129 1897 Ubi
1149 1855 1223 1896 vero
1250 1836 1294 1897 ita
1314 1837 1370 1898 vis

205 1945 337 2014 sanctae,
361 1960 419 2019 qua
439 1941 483 2019 pii
506 1959 574 2001 cum
597 1941 664 2000 Deo
687 1938 820 2018 copulati
843 1944 923 2013 sunt,
947 1938 1104 1998 societatis
1126 1944 1291 2018 perspecta
1313 1947 1371 2015 est,

204 2060 302 2103 nonne
324 2043 394 2103 lieri
415 2061 546 2103 necesse
569 2047 633 2117 est,
655 2045 691 2102 ut
712 2041 881 2114 interdum,
904 2041 1049 2101 duntaxat
1070 2040 1109 2100 ad
1130 2048 1267 2121 tempus,
1295 2043 1371 2123 igni-

205 2144 289 2226 culus
312 2146 478 2206 susoitetur
499 2144 581 2224 spei,
604 2145 687 2204 illam
709 2144 906 2218 societatem,
930 2162 1007 2221 quae
1029 2142 1061 2202 in
1083 2142 1141 2203 bac
1163 2144 1225 2203 vita
1246 2144 1371 2205 dissolvi

202 2255 350 2328 nequeat,
379 2268 418 2308 ne
440 2252 540 2308 morte
562 2248 685 2325 quidem
712 2247 917 2325 interruptum
939 2246 991 2320 iri,
1019 2244 1076 2306 sed
1103 2246 1140 2305 in
1169 2252 1370 2307 aeternum

203 2370 294 2412 esse
317 2351 558 2412 duraturamr
601 2348 754 2427 Equidem
776 2350 918 2422 arbitror,
940 2350 1020 2408 banc
1042 2349 1227 2411 sententiam
1242 2351 1368 2411 nonnul-

202 2455 239 2514 lis
262 2455 338 2528 locis
360 2455 552 2533 probabilem
573 2453 671 2527 reddi,
695 2470 875 2531 quamquam
898 2450 1044 2525 concedo,
1067 2469 1173 2511 omnes
1194 2452 1272 2511 tales
1289 2471 1369 2527 esse,

200 2563 236 2617 ut
256 2557 298 2617 de
320 2576 426 2616 eorum
448 2555 703 2635 interpretatione
725 2552 882 2632 ambigere
896 2553 998 2627 liceat,
1021 2571 1121 2630 neque
1143 2572 1197 2613 eos
1218 2553 1380 2634 interpre->

200 2667 266 2736 ter,
297 2659 348 2738 qui
369 2659 489 2719 illomm
513 2658 697 2719 sententiam
719 2661 885 2718 extenuare
913 2655 1034 2730 malint,
1063 2656 1138 2715 satis
1159 2656 1256 2717 firmis
1283 2677 1369 2738 argu·

200 2762 315 2826 mentis
337 2761 488 2822 confutari
509 2780 611 2842 posse.

287 2862 323 2944 4)
349 2863 484 2925 Primum
506 2865 567 2925 huc
589 2864 726 2942 pertinet
747 2862 774 2922 is
796 2861 864 2940 ipse
885 2860 987 2936 locus,
1011 2879 1101 2939 quem
1123 2879 1215 2940 supra
1236 2880 1368 2922 comme-

201 2967 400 3041 moravimus,
428 2965 479 3026 Ps.
502 2963 560 3041 73,
582 2963 624 3026 23
640 2984 707 3044 sqq.
749 2964 864 3023 Errant
886 2962 1008 3041 quidem
1030 2961 1112 3022 haud
1134 2962 1241 3038 dubie,
1265 2965 1369 3042 quiin

188 3089 227 3132 Ὗ,
249 3066 293 3128 24
320 3070 415 3128 verba
442 3081 563 3190 25¹3*ss
593 3074 685 3167 552?
714 3080 806 3160 appr]
829 3061 888 3143 140)
916 3063 954 3123 ad
982 3064 1110 3143 gloriam
1135 3065 1193 3143 piis
1222 3065 1252 3125 in
1281 3066 1368 3126 coelo

198 3205 389 3285 propositam
414 3205 564 3265 referunt.
608 3201 733 3264 Etenim
762 3223 851 3282 quam
874 3201 986 3282 frigida
1014 3201 1179 3262 exsisteret
1205 3201 1367 3279 sententia,

201 3307 228 3368 si
250 3308 418 3387 Assaphus,
442 3327 502 3387 quo
525 3309 602 3383 loco,
626 3326 695 3366 cum
710 3306 775 3366 lleo
799 3324 834 3366 se
856 3305 1136 3387 conjunctissimum
1152 3303 1300 3380 sentiens,
1321 3304 1368 3366 fe·

201 3411 267 3470 roci
289 3411 416 3489 quadam
439 3410 557 3470 laetitia
579 3409 720 3484 exsultat,
743 3409 834 3470 simul
856 3413 1057 3483 asseveraret,
1076 3409 1217 3485 profecto
1238 3426 1270 3465 re
1291 3413 1367 3468 tan-

201 3511 281 3573 dem
304 3519 395 3592 port
419 3518 569 3571 mortem
597 3510 827 3571 bonorem-erse
854 3513 1040 3590 adepturum.
1089 3510 1132 3570 nt
1157 3527 1247 3583 vero,
1277 3529 1368 3588 quum

199 3616 318 3694 pergit,
346 3615 482 3685 „etiamsi
503 3620 657 3673 consumta
677 3614 737 3673 rint
757 3632 830 3673 coro
851 3633 917 3673 mea
938 3620 968 3673 et
987 3632 1040 3673 eor
1061 3631 1169 3688 nicom,
1190 3630 1282 3689 rupes
1304 3633 1368 3674 cor-

201 3715 252 3774 dir
274 3722 304 3773 et
318 3719 421 3794 portio
442 3735 508 3775 rnen
530 3717 588 3775 erit
609 3715 692 3776 Deus
719 3716 752 3773 in
773 3721 965 3790 oeternum,“
987 3749 1029 3761 -
1056 3715 1149 3775 facile
1176 3713 1367 3795 intelligitur,

201 3835 274 3877 eum
295 3815 355 3877 boc
375 3820 443 3897 ipso
470 3818 619 3898 temporis
646 3823 776 3897 puncto,
805 3819 997 3878 aeternitatis
1026 3837 1119 3879 sensu
1146 3818 1189 3878 ita
1210 3820 1367 3900 perfusum

200 3938 284 3994 esse,
306 3923 350 3993 ut,
372 3939 430 3998 qua
445 3923 511 4002 jam
533 3921 652 3981 fruatur
672 3921 731 3980 Dei
751 3921 876 4000 propitii
897 3921 1080 4000 praesentia,
1104 3941 1150 3997 ea,
1173 3922 1293 3982 etiamsi
1306 3923 1368 3986 hoc

200 4040 312 4100 corpus
334 4021 470 4083 deletum
492 4025 543 4100 sit,
565 4034 719 4101 nunquam
742 4042 776 4083 se
799 4023 965 4084 cariturum
987 4042 1057 4084 esse
1080 4024 1214 4084 confidat
1235 4021 1303 4104 ¹⁴¹).

288 4223 360 4300 140)
382 4230 516 4288 Verteuda
537 4240 612 4290 sunt:
644 4233 674 4288 ct
692 4229 825 4289 deduces
846 4248 892 4288 me
913 4230 958 4289 cd
976 4227 1117 4289 bonorem
1138 4234 1197 4291 sive
1219 4235 1367 4291 accuratius

199 4313 256 4373 der
277 4307 358 4368 Ebrc
379 4310 524 4384 barbita
545 4320 660 4392 quidem,
683 4325 712 4374 ut
733 4325 789 4375 tota
810 4318 881 4374 vitae
901 4317 945 4374 via
965 4319 1071 4376 nonnisi
1093 4320 1126 4375 ad
1147 4321 1275 4378 bonorem
1297 4319 1366 4375 diri-

199 4409 286 4476 gatur.
333 4399 373 4455 Cl.
395 4400 528 4471 Ewald‚
549 4403 688 4474 noster,
710 4404 987 4478 llengstenberg.

287 4516 362 4597 ltl)
384 4519 651 4595 llengstcnberg
671 4523 745 4597 prius
759 4522 885 4580 versiculi
899 4523 1043 4578 membrum
1057 4523 1094 4580 ita
1109 4522 1282 4596 supplendum
1298 4538 1366 4578 cen·

200 4611 256 4666 set:
280 4601 390 4679 „lciime
411 4621 443 4663 er
463 4601 542 4662 arceb
563 4605 618 4664 mit
636 4603 694 4663 mir
714 4607 785 4684 aufe
807 4607 953 4664 dorrcrrte
973 4638 1016 4652 —
1037 4623 1101 4666 rom
1125 4602 1220 4675 Pode3
1248 4604 1272 4666 d
1277 4603 1340 4665 abi
1346 4623 1367 4662 n
