3150 5300
757 492 883 569 32.

202 720 258 765 nes
280 700 403 763 omnino
425 700 613 763 conscientia
634 698 800 761 destitutos
821 699 919 781 lingit,
941 719 1041 780 neque
1063 719 1128 776 eos,
1151 720 1240 781 quum
1263 700 1301 761 ab
1324 700 1370 761 ln·

200 804 278 867 ieris
301 804 426 865 excitati
448 809 528 878 sunt,
551 804 611 864 nisi
631 804 742 865 hausto
763 803 925 883 sangurine,
954 803 1004 883 qui
1032 804 1117 883 quasi
1140 813 1249 878 φρενῶν
1275 808 1370 883 atque

199 908 302 983 ἥτορος
327 908 393 968 viee
421 907 572 987 fungitur,
602 906 809 968 eonscientiae
836 911 869 965 et
890 907 1054 966 memoriae
1081 925 1185 967 rursus
1209 912 1369 985 compotes

199 1010 269 1071 fleri
291 1010 383 1069 docet
403 1005 455 1091 ⁶⁶).
499 1010 593 1092 Cujus
616 1010 765 1091 opinionis
784 1009 815 1069 in
837 1007 909 1069 vet.
932 1009 1132 1070 'l'estamento
1153 1028 1254 1087 neque
1273 1008 1368 1067 ullum

200 1112 361 1191 vestigium
390 1114 540 1189 occurrit,
576 1120 608 1174 et
635 1113 819 1173 eontrarium
848 1109 1022 1172 declaratur
1047 1112 1102 1185 iis,
1138 1131 1214 1190 quae
1244 1106 1262 1169 l
1286 1110 1368 1169 Sam.

200 1215 235 1274 (l.
257 1209 309 1274 28.
331 1222 454 1275 narrata
475 1222 555 1276 sunt.

286 1315 321 1393 5)
344 1317 451 1378 lnter
473 1319 628 1389 animas,
651 1334 749 1394 quae
771 1314 807 1372 in
832 1312 931 1372 0rco
953 1318 1171 1388 versantur,
1194 1312 1278 1373 Vct.
1300 1312 1369 1373 Te·

201 1426 429 1481 atamentum
459 1421 577 1480 ullum
603 1416 813 1477 discrimen
838 1432 925 1475 esse
946 1421 1076 1495 negat.
1119 1415 1163 1475 Ut
1185 1434 1292 1475 omnes
1316 1435 1368 1477 eo·

201 1522 271 1585 dem
295 1530 444 1603 coguntur
464 1524 557 1602 (nam,
579 1520 666 1601 „queis
686 1519 734 1577 oia·
753 1517 836 1588 aicit,
857 1536 913 1575 nec
927 1518 1031 1577 videat
1043 1524 1173 1592 inertem,
1196 1525 1226 1577 et
1238 1519 1369 1578 animum

201 1626 313 1705 eripiat
333 1646 374 1686 ex
398 1624 473 1685 Orci
490 1619 682 1703 ροιιεείαίιιὲιι
703 1618 754 1686 Ps.
776 1614 833 1693 89,
852 1616 904 1679 49.
928 1620 968 1681 cf.
991 1621 1070 1681 llab.
1092 1617 1124 1695 2,
1146 1617 1176 1680 5.
1200 1654 1241 1664 -
1264 1640 1369 1699 quam·

201 1730 307 1789 obrem
332 1729 429 1788 0rcus
449 1726 518 1787 lob.
540 1719 592 1797 3⁰,
615 1717 666 1781 ⁶23.
690 1702 819 1801 *4¹15ss
844 1734 941 1804 7qu
965 1734 1040 1797 nt]
1072 1723 1212 1800 dicitur):
1234 1722 1278 1781 ita
1300 1741 1369 1783 sors

201 1831 335 1891 omnium
357 1849 415 1890 una
438 1826 606 1903 eademqne
628 1829 692 1899 est,
720 1824 783 1883 sive
807 1824 931 1899 divites,
955 1825 1018 1884 sive
1040 1845 1206 1905 pauperes,
1229 1826 1293 1887 sive
1314 1844 1369 1885 no-

200 1933 279 1993 biles
308 1938 341 1992 et
362 1930 450 2004 clari,
482 1929 546 1988 sive
567 1926 699 1985 humiles
730 1932 762 1986 et
784 1928 907 1988 obscuri
934 1927 966 1987 in
993 1928 1055 1987 rita
1080 1929 1223 1987 terrestri
1243 1928 1370 1988 fuerunt

201 2035 283 2115 (lob.
305 2030 336 2107 3,
361 2026 510 2108 17-19).
541 2028 767 2089 Tantummodo
790 2030 957 2090 secundum
979 2036 1087 2110 gentes
1109 2048 1213 2090 manes
1236 2031 1370 2109 separati

200 2143 286 2212 sunt,
314 2133 396 2215 quod
417 2137 450 2193 et
472 2150 509 2192 cx
531 2131 614 2190 dicto
636 2131 706 2205 illo,
735 2137 866 2192 mortuos
894 2132 938 2191 ad
955 2138 1059 2210 putres
1085 2132 1148 2192 sice
1175 2132 1218 2192 ud
1242 2131 1369 2211 pentiles

200 2258 269 2300 suos
290 2235 475 2314 conprepart
497 2233 529 2293 in
550 2231 763 2293 Pentateucho
784 2234 955 2295 identidem
978 2235 1082 2309 obrio,
1105 2240 1138 2295 et
1160 2254 1198 2294 ex
1221 2235 1294 2294 0rci
1316 2234 1368 2295 de-

201 2338 378 2419 scriptione,
401 2355 489 2415 quam
511 2335 629 2395 Ezech.
651 2331 703 2410 32,
728 2334 767 2396 17
783 2355 850 2416 sqq.
873 2337 1015 2411 exhibet,
1037 2338 1168 2416 intelligi
1188 2343 1302 2416 potest.
1326 2373 1367 2383 -

200 2442 267 2505 Nec
291 2438 451 2519 quidquam
474 2438 607 2498 interest
627 2438 709 2499 inter
729 2438 828 2499 bonos
850 2446 947 2519 atque
963 2440 1069 2512 malos,
1092 2459 1160 2499 nam
1175 2440 1254 2499 ritae
1269 2446 1368 2501 terre-

199 2544 272 2605 stris
295 2543 358 2603 sive
379 2542 460 2601 bene
483 2540 546 2601 sive
568 2542 648 2601 male
670 2548 756 2604 actae
779 2543 859 2621 apud
880 2543 997 2603 inferos
1019 2543 1101 2603 nulla
1126 2542 1205 2602 ratio
1226 2542 1368 2619 habetur,

200 2667 259 2726 qua
279 2645 310 2705 in
334 2642 485 2704 sententia
507 2663 547 2704 ne
569 2645 640 2706 libri
662 2645 820 2707 Koheleth
842 2646 965 2726 quidem
987 2653 1108 2720 auctor,
1131 2643 1182 2724 qui
1203 2647 1369 2725 postremis

199 2748 271 2811 Vct.
294 2746 486 2808 Testamenti
508 2747 709 2827 scriptoribus
732 2747 974 2807 annumerandus
997 2753 1060 2821 est,
1089 2767 1106 2807 a
1127 2749 1283 2808 veteribus
1306 2749 1362 2808 dis·

200 2854 306 2930 crepat
327 2848 383 2928 (cl.
406 2845 436 2924 9,
459 2847 494 2920 5)
506 2845 559 2924 67).
589 2850 760 2912 Admodum
782 2849 844 2909 rari
868 2853 989 2909 exstant
1009 2849 1080 2922 loci,
1102 2848 1211 2927 quihus
1233 2851 1369 2913 fortasse

200 2951 352 3014 contraria
379 2952 533 3012 sententia
559 2952 712 3032 proditur.
758 2951 884 3011 Duobus
919 2951 1000 3010 enim
1028 2949 1105 3010 loeis
1134 2950 1197 3011 Jes.
1229 2949 1285 3024 ll,
1317 2951 1367 3013 15.

198 3054 316 3116 Erech.
338 3048 391 3129 32,
413 3049 475 3129 23,
499 3055 550 3134 qui
571 3061 716 3134 tyrannos
740 3053 974 3132 babyloniorum
997 3057 1030 3112 et
1048 3052 1241 3129 Assyriorum
1263 3053 1294 3110 in
1317 3053 1367 3113 in-

199 3157 326 3216 fimum
350 3155 463 3216 Orcum
489 3157 572 3237 (πῃ
595 3157 724 3246 φθῇ)
753 3154 895 3215 detrusos
921 3153 1052 3224 faciunt,
1080 3152 1201 3210 videtur
1228 3151 1367 3224 indicari,

199 3291 420 3370 superbissimo
443 3291 552 3369 cuique
574 3295 606 3350 et
628 3289 758 3350 maxime
772 3285 891 3346 nefario
906 3284 1021 3344 homini
1036 3283 1260 3344 horribiliorem
1276 3303 1367 3362 quam

200 3395 314 3456 ceteris
337 3393 416 3473 apud
436 3392 554 3453 inferos
575 3397 691 3451 sortem
713 3388 900 3468 propositam
923 3406 993 3449 esse
1007 3383 1061 3466 ⁶⁸).
1105 3385 1220 3447 Similis
1242 3392 1367 3448 senten-

198 3567 271 3574 —-—--
276 3566 406 3574 ..-...-..-
417 3566 464 3571 -....
480 3565 503 3571 .-

286 3683 338 3760 66)
361 3686 422 3743 Vid.
445 3685 698 3759 Naegelsbach,
720 3688 824 3742 homer.
847 3685 938 3741 lheol.
961 3701 987 3757 p.
1012 3679 1073 3741 342
1089 3702 1131 3757 sq.
1162 3685 1258 3757 ¹lpsum
1280 3691 1368 3742 tamen

199 3773 341 3847 Homerum
362 3772 414 3827 hac
435 3771 469 3831 in,
483 3788 513 3827 re
535 3771 588 3826 sibi
609 3787 662 3848 nou
685 3778 817 3853 constare,
841 3770 965 3843 exposuit
985 3771 1169 3842 Naegelsbach
1190 3788 1216 3843 p.
1240 3766 1301 3826 346
1324 3789 1365 3844 sq.

271 3842 337 3965 ¹di)
366 3890 407 3947 Da
428 3889 463 3946 iis
484 3889 569 3961 locis,
597 3890 691 3962 quibus
713 3897 806 3946 auctor
826 3889 886 3945 libri
907 3890 1039 3945 Koheleth
1057 3887 1185 3959 judicium
1207 3897 1269 3963 post
1290 3907 1367 3945 mor-

201 3983 256 4032 tem
277 3970 392 4033 hurum
413 3980 530 4031 statuere
552 3975 666 4046 videtur,
687 3975 715 4030 in
736 3976 814 4032 tertia
835 3976 912 4046 hujus
934 3975 994 4031 libri
1009 3981 1083 4047 parte
1098 3973 1235 4030 disseram.
1251 4006 1293 4016 -
1307 3975 1368 4031 lhi-

203 4062 263 4116 dem
284 4060 462 4134 disputabitur
482 4061 516 4116 de
539 4078 570 4116 ea
592 4060 763 4132 quaestione,
792 4078 853 4116 uum
875 4077 910 4116 ex
932 4077 1073 4134 paucorum
1094 4060 1213 4116 locorum
1235 4060 1367 4117 sententia

200 4145 300 4201 Scheol
322 4146 501 4202 tautummodo
522 4163 572 4218 pro
593 4146 823 4219 improborum
845 4147 910 4202 sede
931 4146 1067 4202 habendus
1089 4145 1134 4200 sit.
1163 4203 1167 4209 ,

284 4259 336 4336 68)
365 4265 411 4320 Sic
432 4265 524 4322 statuit
545 4265 661 4321 Ewuld
689 4263 738 4338 (ad
760 4267 859 4322 Ezech.
882 4265 900 4322 l.
925 4282 948 4320 c.
972 4265 1067 4336 Proph.
1096 4263 1125 4319 T.
1147 4264 1180 4319 ll.
1209 4284 1235 4337 p.
1259 4258 1365 4336 334.):

199 4343 286 4415 „Der
306 4343 434 4426 Assyrer
455 4367 504 4405 om
525 4348 643 4426 tiefsten
664 4348 696 4405 in
718 4347 769 4406 die
783 4345 872 4405 Hb'lle
891 4344 1050 4424 pantoleo,
1071 4343 1141 4403 weil
1152 4365 1200 4404 um
1214 4342 1367 4425 scholdip-

198 4435 300 4492 sten.“
327 4465 370 4476 —
396 4436 507 4491 Ewaldo
530 4436 672 4492 assentitur
693 4435 911 4492 Haerernick
938 4435 966 4490 in
988 4450 1083 4490 comm.
1111 4434 1183 4490 adl.
1208 4451 1231 4490 c.
1254 4463 1297 4476 -
1324 4432 1367 4490 Ex

199 4518 296 4576 iisdem
317 4519 385 4577 locis
407 4521 522 4578 fortasse
543 4522 618 4579 fluxit
640 4522 685 4578 ille
707 4517 777 4596 ᾅδης
792 4515 977 4591 sacrantesque,
999 4537 1077 4592 quem
1098 4519 1267 4592 losephus
1290 4516 1366 4592 (bell.

197 4604 253 4675 iud.
276 4605 322 4676 ΙΙΙ,
346 4601 375 4663 8.
399 4600 443 4686 5.)
464 4607 498 4664 iis
520 4608 654 4680 assignat,
684 4605 728 4678 qui
750 4596 803 4680 ip'si
824 4603 875 4662 sibi
897 4612 1008 4664 mortem
1031 4603 1226 4662 consciverunt.
1245 4634 1289 4647 —
1308 4602 1365 4660 (ic-
