3150 5300
418 1483 593 1571 LIBRI
624 1479 1050 1573 cousl’lccutts.

150 1921 183 2013 ln
205 1956 469 2028 Prolegomenis
491 1955 608 2028 'primum
629 1960 670 2030 (p.
695 1948 801 2025 lsqq.)
823 1951 980 2025 exponitur,
1008 1969 1059 2023 ,qua
1081 1952 1184 2009 ratione
1206 1949 1319 2006 diversis

151 2060 282 2115 ecclesiae
304 2058 435 2113 aetatibus
457 2058 491 2114 de
513 2056 668 2128 quaestione
688 2062 780 2111 nostra
795 2053 830 2110 sit
845 2055 1015 2127 disputatum,
1038 2053 1135 2110 deinde
1157 2062 1195 2125 (p.
1212 2048 1232 2107 6
1247 2057 1317 2123 sqq.)

152 2177 259 2217 errores
281 2159 461 2232 explicantur,
484 2158 578 2231 quibus
601 2157 690 2229 multi,
713 2157 758 2229 qui
780 2174 837 2213 earn
860 2157 1043 2227 tractaverint,
1066 2157 1163 2213 luerint
1184 2155 1318 2229 implicati,

155 2269 292 2336 postremo
315 2260 352 2335 (p.
378 2258 428 2336 10)
451 2262 528 2333 hujus
551 2259 739 2334 disputationis
760 2260 803 2315 via
825 2276 856 2315 ac
877 2259 945 2316 ratio
968 2260 1141 2331 significatur.

236 2365 265 2420 la
287 2371 362 2437 parte
383 2364 405 2435 l,
429 2380 496 2435 quae
518 2362 693 2419 llosaismi
714 2362 821 2435 propria
844 2361 980 2417 censenda
1003 2368 1054 2432 est,
1076 2362 1208 2417 sententia
1223 2362 1256 2416 de
1272 2380 1319 2416 re-

152 2469 201 2522 bus
221 2473 285 2540 post
306 2474 417 2523 mortem
439 2465 534 2522 futuris
556 2465 708 2521 illustratur.
755 2463 836 2531 Quasi
858 2464 1019 2520 fundamenti
1040 2463 1102 2521 loco
1125 2472 1256 2537 ponuntur
1278 2481 1319 2534 ea,

152 2585 218 2638 quae
240 2568 301 2623 Vel.
324 2568 523 2623 Vestameatum

216 2672 249 2726 A.
279 2671 313 2726 de
334 2670 449 2727 hominis
470 2676 560 2727 natura
584 2700 621 2709 -·
646 2689 673 2742 p.
697 2664 748 2740 ll,

214 2774 245 2829 B.
279 2773 313 2829 de
335 2779 421 2828 morte
442 2771 588 2844 mortisque
612 2771 698 2826 causis
721 2771 876 2828 statuit-
900 2789 925 2844 p.
951 2767 1007 2842 193
1030 2771 1126 2826 deinde

216 2874 246 2930 C.
281 2874 401 2931 doctrina
423 2876 457 2931 de
479 2873 594 2931 Schecle
617 2881 645 2930 et
666 2874 701 2929 dc
723 2874 865 2930 animarum
886 2874 913 2930 in
936 2890 969 2929 eo
992 2873 1145 2944 degentium
1168 2875 1320 2930 corrditione

281 2960 435 3032 explanatur
455 2991 497 3000 —
519 2977 547 3032 p.
571 2955 629 3030 253
652 2965 705 3014 tum

215 3062 246 3114 D.
280 3061 314 3116 de
337 3078 416 3116 causa
444 3059 598 3130 disseritur,
628 3078 675 3116 our
702 3061 728 3115 iu
750 3061 810 3133 ipso
831 3059 974 3118 Mosaismo
1000 3059 1155 3134 perfectiori
1184 3060 1319 3116 doctrinae

280 3163 355 3220 locus
379 3164 454 3219 datus
477 3180 530 3219 non
553 3163 633 3220 luerit
654 3194 697 3205 -
717 3181 745 3236 p.
769 3157 810 3219 33
833 3160 1014 3236 (confutantur
1034 3170 1120 3220 tamen
1143 3161 1171 3233 ii,
1194 3163 1238 3234 qui
1259 3165 1319 3219 Ae-

277 3266 430 3340 gyptiorum
452 3265 609 3322 senteutiam
633 3266 666 3321 de
688 3265 766 3322 animi
789 3263 987 3322 immortalitate
1009 3265 1189 3322 sublimiorem
1203 3265 1318 3322 Mosaios

280 3367 363 3422 fuisse
385 3375 543 3439 putaverunt
563 3397 605 3409 -
628 3372 654 3442 p.
677 3364 746 3442 35);
768 3375 905 3441 postremo

214 3469 246 3524 E.
281 3467 419 3539 inquiritur
441 3469 467 3524 in
490 3486 531 3539 ea,
554 3471 648 3541 quibus
671 3472 790 3527 nonnulli
811 3471 941 3528 occultam
962 3475 1085 3525 aeternae
1099 3468 1170 3525 vitae
1185 3486 1259 3543 spem
1274 3470 1319 3525 in-

281 3569 363 3626 dicari
385 3570 486 3643 opinati
508 3579 631 3627 sunt-
653 3591 680 3646 p.
704 3568 755 3643 37,
778 3581 807 3630 et
827 3578 1004 3630 monstrantur
1024 3571 1144 3641 radices,
1168 3589 1202 3626 ex
1225 3572 1319 3643 quihus

277 3673 423 3746 perfectior
450 3675 580 3731 sententia
608 3675 642 3731 de
670 3676 750 3732 rebus
777 3683 840 3749 post
868 3683 978 3732 mortem
1006 3674 1100 3731 futuris
1127 3674 1192 3731 oriri
1217 3682 1319 3748 potue-

175 3827 177 3831 .
277 3776 313 3832 rit
333 3808 375 3818 --
396 3795 424 3850 p.
448 3772 512 3833 td.

235 3879 265 3934 ln
285 3886 359 3951 parte
380 3880 404 3935 ll
425 3879 668 3953 prophetarum
690 3880 811 3938 doctrina
826 3881 861 3937 de
876 3887 1037 3937 mortuorum
1051 3879 1250 3937 resurrectione
1265 3898 1317 3936 ex-

149 3979 278 4052 plicatum·
315 3981 463 4053 Exponitur
483 3981 595 4054 primum

215 4083 248 4136 Α.
271 4090 299 4139 et
319 4085 349 4139 B.
378 4101 393 4138 a
409 4084 503 4155 quibus
516 4083 655 4157 principiis
669 4085 736 4140 haec
750 4083 872 4141 doctrina
886 4084 1024 4141 exordium
1040 4083 1145 4140 duxerit
1160 4115 1200 4125 -
1215 4102 1241 4157 p.
1258 4081 1316 4156 tt,

279 4182 374 4239 deinde

214 4281 244 4337 G.
281 4291 398 4353 sequitur
418 4286 600 4360 interpretatio
623 4303 716 4344 eorum
736 4287 871 4359 locorum,
895 4288 989 4360 quihus
1012 4287 1145 4344 sententia
1167 4289 1201 4344 de
1222 4305 1316 4343 rosar-

277 4385 398 4441 rectione
419 4397 581 4447 mortuorum
603 4390 755 4448 continetur
774 4421 818 4432 -
839 4409 866 4464 p.
891 4387 947 4462 483
970 4398 1024 4447 tum

213 4489 244 4542 D.
278 4505 361 4560 pauca
383 4488 512 4545 adduntur
533 4492 566 4548 de
588 4493 638 4563 iis,
667 4510 734 4566 quae
755 4493 921 4567 posteriores
942 4492 1037 4550 ludaei
1063 4493 1114 4548 hac
1135 4491 1169 4548 de
1191 4508 1221 4547 re
1249 4508 1316 4547 sen·

277 4590 360 4646 serint
383 4620 423 4632 -
444 4609 474 4664 p.
498 4587 555 4663 533
576 4594 691 4670 denique
