3150 5300
759 488 807 562 72

203 696 391 772 sollicitudo,
415 696 512 757 omnis
533 695 603 757 fere
624 693 696 755 inde
718 699 825 755 exorta
846 698 910 766 est,
938 691 1035 774 qaod,
1063 697 1098 754 ut
1119 710 1210 772 supra
1231 690 1294 751 dixi
1326 688 1370 768 (l.

202 799 239 860 l).
257 797 310 877 l.),
331 798 512 860 Mosaisnsas
529 798 579 878 pu·
599 817 665 857 earn
687 795 756 856 Deo
777 796 947 856 societatem
967 815 988 854 a
1009 796 1140 855 terrestri
1155 792 1371 875 prosperitate,

203 921 282 983 quae
302 900 381 962 illias
403 908 432 961 et
449 906 568 981 fructas
595 905 626 960 et
641 901 755 980 pipnus
776 904 833 975 est,
861 898 1032 980 waepero
1052 898 1168 979 nequit,
1197 915 1267 971 aec,
1297 913 1371 975 quo·

201 1004 291 1064 inodo
313 1023 380 1063 eunt
402 1010 589 1063 externorum
611 1002 753 1063 bonorum
764 1003 893 1084 jactura
908 998 968 1060 Dei
989 998 1189 1061 benevolentia
1208 1004 1288 1058 stare
1299 1015 1372 1076 pos·

201 1106 249 1179 sit,
271 1107 345 1165 sotis
367 1104 522 1185 explicare
539 1111 646 1185 potest.
689 1104 756 1165 Jam
777 1123 866 1178 vero,
895 1123 988 1182 quum
1009 1103 1092 1163 illam
1112 1100 1271 1163 terrestris
1299 1117 1372 1179 pro-

202 1207 358 1288 speritatis
381 1227 476 1288 spem,
500 1228 590 1287 quam
610 1207 655 1287 pii
675 1207 796 1282 forent,
820 1206 913 1267 etiam
935 1211 1026 1285 utque
1048 1205 1142 1267 etiam
1163 1208 1291 1265 eventus
1314 1200 1373 1261 fal·

201 1310 248 1384 lit,
271 1329 362 1388 quum
384 1330 508 1391 semper
530 1311 620 1371 aliter
641 1310 762 1383 accidit,
785 1313 877 1388 atque
899 1308 1038 1368 arbitrati
1059 1312 1140 1382 sunt,
1162 1311 1195 1366 et
1209 1305 1267 1366 Dei
1277 1303 1372 1385 justi·

201 1412 275 1473 tiam
290 1412 477 1492 patefactum
491 1413 539 1489 iri,
554 1412 669 1473 frustra
683 1410 874 1472 desiderant:
897 1430 969 1471 num
982 1429 1091 1471 revera
1104 1408 1147 1489 pii
1161 1407 1220 1468 Dei
1234 1407 1372 1467 cultores

202 1514 308 1574 miseri
323 1516 435 1576 erunt‘l
457 1514 675 1575 miserioresne
690 1513 849 1592 improbis,
871 1513 980 1592 quibus
995 1511 1105 1587 omnia,
1128 1529 1205 1590 quae
1227 1513 1369 1591 exoptata

201 1618 327 1693 habent,
350 1619 531 1698 obtingunt?
561 1616 641 1678 Num
662 1616 772 1677 horum
795 1622 912 1676 sortem
933 1633 1007 1676 suae
1029 1614 1237 1693 anteponent?
1255 1646 1295 1657 -
1311 1612 1369 1673 Mi·

200 1720 284 1782 nime
305 1739 388 1781 vero.
431 1718 541 1780 Nonne
563 1719 601 1778 iis
624 1723 798 1792 succurret,
821 1737 913 1797 quum
934 1715 1137 1778 indissolubili
1157 1715 1279 1776 vincqu
1302 1733 1368 1776 cum

201 1822 268 1884 Deo
290 1821 445 1903 conjuncti
466 1821 545 1895 sint,
568 1821 658 1881 etiam
681 1820 764 1879 inter
785 1838 945 1879 aerumnas
967 1838 1002 1881 se
1024 1839 1063 1880 ea
1083 1817 1277 1880 beatitudine
1299 1816 1366 1892 frui,

201 1925 252 1985 cui
274 1925 355 1984 nulla
375 1924 534 1985 terrestris
555 1922 690 1987 felicitas
712 1922 753 1981 sit
774 1921 1008 2002 aequiparanda.
1030 1956 1073 1967 —
1094 1922 1182 1982 Hanc
1203 1940 1278 1981 vero
1301 1938 1364 1981 seu·

200 2027 329 2087 tentiam
351 2026 489 2105 pluribus
511 2023 701 2088 Psalmorum
723 2024 800 2086 locis
822 2043 998 2104 expressam
1021 2025 1188 2099 cernimus,
1211 2029 1244 2085 et
1266 2023 1365 2084 claris·

201 2130 279 2189 sime
306 2127 430 2206 quidem
457 2128 490 2187 in
515 2126 567 2187 Ps.
597 2122 649 2187 73.
693 2126 789 2207 Cujus
817 2128 958 2188 carminis
986 2132 1196 2208 argumentum
1223 2131 1274 2188 est
1301 2126 1363 2186 hoc

200 2230 358 2308 Assuphus
372 2228 506 2309 exponit,
519 2248 610 2307 quum
624 2234 656 2288 et
667 2229 829 2312 impiorum
840 2228 1024 2291 felicitatem
1040 2235 1072 2290 et
1082 2230 1203 2310 piorum
1214 2229 1362 2290 miserium

202 2331 477 2407 animadvertisset,
500 2349 562 2391 non
584 2332 712 2392 multam
734 2331 880 2407 abfuisse,
904 2333 976 2410 quin
997 2333 1066 2411 ipse
1088 2354 1105 2393 a
1126 2334 1192 2393 Deo
1216 2331 1362 2392 descisce-

201 2439 250 2493 ret
272 2438 317 2512 (v,
341 2429 501 2513 l-l5.);
522 2434 699 2514 jamvero,
728 2440 889 2514 postquam
918 2434 1083 2514 diligenter
1110 2435 1149 2494 de
1172 2434 1292 2494 arcanis
1310 2430 1361 2493 liei

201 2535 337 2597 consiliis
358 2536 522 2596 meditatus
546 2536 601 2613 sit,
630 2554 664 2596 se
686 2537 880 2616 cognovisse,
903 2537 1050 2597 lubricam
1073 2555 1143 2597 esse
1166 2543 1199 2599 et
1220 2534 1361 2616 praecipi·

200 2642 265 2699 tem
285 2637 492 2718 improborum
515 2639 596 2700 vitae
618 2638 712 2715 nam,
743 2638 813 2720 pios
835 2643 936 2700 autem
958 2640 1025 2705 Deo
1053 2639 1131 2705 duce
1154 2639 1193 2705 ad
1215 2639 1310 2701 decus
1334 2641 1363 2699 et

200 2741 349 2804 honorem
370 2748 572 2821 perventuros
595 2745 642 2821 (v.
667 2737 833 2821 lli-tt).
876 2743 1034 2804 Hactenus
1061 2749 1146 2807 vates
1174 2749 1302 2822 praeter
1321 2760 1361 2815 es,

201 2863 280 2922 quae
302 2862 394 2924 supra
414 2845 485 2925 (sub
500 2845 539 2919 A)
563 2844 789 2923 explicavimus,
811 2845 888 2905 nihil
903 2846 1024 2925 profert
1045 2847 1118 2926 (nisi
1133 2846 1216 2906 forte
1231 2846 1264 2907 in
1278 2841 1362 2907 vat

199 2945 270 3006 novi
291 2946 404 3025 aliquid
424 2946 587 3023 inveneris,
610 2967 669 3026 qua
683 2946 723 3007 de
736 2967 772 3009 re
787 2949 877 3028 paulo
899 2954 970 3028 post
992 2948 1155 3009 dicendum
1171 2949 1255 3026 erit).
1289 2948 1364 3010 Tum

199 3066 273 3109 vero
296 3047 356 3109 cito
379 3050 512 3135 erumpit
532 3051 631 3112 laetus
654 3067 781 3125 sensus,
803 3052 880 3131 jam
902 3053 937 3111 in
961 3052 1176 3130 praesenti,
1205 3057 1363 3137 antequam

199 3150 267 3225 illa,
295 3170 372 3234 quae
392 3159 477 3217 vates
500 3159 618 3234 sperat,
647 3154 822 3229 evenerint,
850 3174 885 3215 se
913 3175 970 3235 per
992 3155 1262 3230 communitatem,
1291 3172 1364 3237 quas

199 3252 260 3332 ipsi
274 3253 315 3313 sit
329 3273 397 3314 oum
412 3256 489 3330 Deo,
510 3257 554 3315 ita
576 3274 647 3317 esse
667 3257 803 3331 beatum,
825 3262 860 3317 ut
882 3258 958 3317 nihil
981 3264 1073 3336 queat
1095 3257 1285 3332 desiderare,
1307 3274 1364 3337 qus

199 3355 254 3414 fiat
274 3356 403 3417 beatior.
448 3355 486 3417 V.
509 3354 560 3417 25.
583 3355 682 3431 „Quis
704 3357 777 3416 mibi
799 3365 843 3418 est
862 3360 894 3417 in
916 3357 999 3419 coelo
1022 3367 1083 3439 (so.
1107 3364 1232 3443 praeter
1253 3359 1318 3438 te),
1339 3363 1366 3419 st

189 3460 287 3539 juata
313 3464 341 3517 te
359 3477 422 3528 ‘non
448 3457 544 3539 dilipo
571 3459 777 3541 (quidquam)
799 3462 832 3521 in
853 3468 942 3523 terra.
986 3458 1037 3522 26.
1064 3461 1193 3523 Ειὶαιηιί
1214 3467 1366 3523 consumta

198 3561 260 3620 sint
279 3580 351 3620 coro
371 3580 438 3621 osea
459 3568 549 3643 atque
570 3580 624 3621 eor
644 3582 747 3634 meane
769 3583 859 3644 nepes
881 3565 1016 3644 (firmum
1036 3565 1237 3645 praesidium)
1266 3564 1365 3626 eords's

199 3662 257 3720 mei
278 3669 308 3721 et
322 3664 425 3746 portio
447 3683 513 3723 mea
534 3664 633 3745 (erit)
658 3664 794 3726 Deusta
816 3672 1000 3727 aeternum.“
1045 3668 1163 3728 Similia
1185 3673 1268 3745 sunt,
1290 3686 1366 3747 quse

199 3765 231 3828 in
252 3763 303 3825 Ps.
325 3761 357 3840 4,
379 3760 487 3826 7-9.
530 3766 661 3831 Davides
684 3769 766 3832 inter
786 3769 929 3844 insidias,
958 3788 1032 3848 quas
1054 3770 1220 3831 adversarii
1241 3788 1365 3851 parave-

198 3871 279 3941 runt,
302 3867 402 3931 animo
423 3867 540 3928 laetitia
560 3869 687 3948 perfuso
710 3871 805 3935 canit:
829 3869 930 3947 „multi
952 3872 1059 3932 dicunt
1077 3871 1176 3955 (quasi
1197 3892 1233 3932 re
1256 3872 1366 3954 despe-

198 3969 298 4047 rata):
327 3969 395 4050 quis
421 3969 506 4030 nobis
533 3969 656 4032 salutm
683 3972 879 4036 monstrabit?
921 3973 1009 4054 (lpse
1030 3994 1103 4036 vero
1124 3975 1167 4036 ita
1187 3980 1366 4054 precatum)

199 4067 307 4128 Attolle
333 4089 424 4149 super
452 4090 507 4131 nos
533 4070 627 4133 lucem
650 4076 747 4155 faciei
772 4083 855 4146 tuae,
882 4074 1016 4136 Jebooa!
1058 4077 1145 4157 (Hoc
1172 4077 1238 4137 Deo
1266 4077 1367 4138 fretus

199 4171 291 4232 etiam
313 4171 519 4251 inpraesenti
542 4176 678 4254 periculo
700 4180 870 4257 testaturz)
894 4179 1025 4257 posuisti
1049 4176 1192 4240 loebtians
1219 4179 1253 4238 in
1274 4179 1367 4240 corde

198 4293 273 4350 meo,
294 4275 456 4355 (majorem
478 4277 625 4357 quidem),
648 4300 736 4360 quom
759 4301 849 4362 quom
867 4283 1048 4362 fionsentam
1071 4288 1101 4340 et
1119 4287 1245 4343 mustene
1265 4301 1366 4344 eoram

198 4391 261 4456 (sc.
284 4376 547 4460 adversariorum)
574 4379 666 4442 malta
686 4388 777 4443 ront“
807 4387 884 4457 etc.;
911 4383 943 4445 h.
966 4401 993 4448 e.
1024 4383 1154 4448 liavides
1175 4384 1206 4443 in
1230 4384 1367 4446 omnium

198 4498 300 4538 rerum
330 4479 456 4558 penuria
484 4487 517 4541 et
541 4483 622 4549 vitae
650 4483 827 4544 discrimine
853 4483 971 4563 positus
997 4505 1055 4565 per
1075 4485 1134 4545 Dei
1160 4485 1208 4545 sui
1234 4487 1365 4548 tutelam

199 4597 234 4645 se
264 4581 359 4643 sentit
385 4581 556 4648 feliciorem
583 4586 661 4664 illis,
689 4586 741 4672 qui
768 4586 799 4647 in
828 4585 983 4666 copiarum
1011 4586 1168 4649 affluentia
1194 4595 1365 4655 versantur.
