<?xml version="1.0" encoding="UTF-8"?>
<!DOCTYPE html PUBLIC "-//W3C//DTD XHTML 1.0 Transitional//EN"
    "http://www.w3.org/TR/xhtml1/DTD/xhtml1-transitional.dtd">
<html xmlns="http://www.w3.org/1999/xhtml" xml:lang="en" lang="en">
 <head>
  <title>
</title>
<meta http-equiv="Content-Type" content="text/html;charset=utf-8" />
  <meta name='ocr-system' content='tesseract 3.04.00' />
  <meta name='ocr-capabilities' content='ocr_page ocr_carea ocr_par ocr_line ocrx_word'/>
</head>
<body>
  <div class='ocr_page' id='page_1' title='image "./veteristestamen00oehlgoog_0084.png"; bbox 0 0 3150 5300; ppageno 0'>
   <div class='ocr_carea' id='block_1_1' title="bbox 834 525 885 599">
    <p class='ocr_par' dir='ltr' id='par_1_1' title="bbox 834 525 885 599">
     <span class='ocr_line' id='line_1_1' title="bbox 834 525 885 599; baseline 0.039 -2"><span class='ocrx_word' id='word_1_1' title='bbox 834 525 885 599; x_wconf 81' lang='lat'>70</span> 
     </span>
    </p>
   </div>
   <div class='ocr_carea' id='block_1_2' title="bbox 274 724 1447 915">
    <p class='ocr_par' dir='ltr' id='par_1_2' title="bbox 274 724 1447 915">
     <span class='ocr_line' id='line_1_2' title="bbox 274 724 1442 812; baseline -0.009 -18"><span class='ocrx_word' id='word_1_2' title='bbox 274 732 403 807; x_wconf 82' lang='lat' dir='ltr'>scilicet,</span> <span class='ocrx_word' id='word_1_3' title='bbox 425 732 506 812; x_wconf 85' lang='lat' dir='ltr'>quod</span> <span class='ocrx_word' id='word_1_4' title='bbox 528 732 607 795; x_wconf 84' lang='lat' dir='ltr'>Gen.</span> <span class='ocrx_word' id='word_1_5' title='bbox 627 727 681 807; x_wconf 90' lang='lat'>22,</span> <span class='ocrx_word' id='word_1_6' title='bbox 705 728 734 792; x_wconf 87' lang='lat' dir='ltr'>I.</span> <span class='ocrx_word' id='word_1_7' title='bbox 756 731 847 792; x_wconf 87' lang='lat' dir='ltr'>Dent.</span> <span class='ocrx_word' id='word_1_8' title='bbox 867 725 921 806; x_wconf 82' lang='lat'>28,</span> <span class='ocrx_word' id='word_1_9' title='bbox 940 725 971 789; x_wconf 89' lang='lat'>2.</span> <span class='ocrx_word' id='word_1_10' title='bbox 992 728 1061 790; x_wconf 83' lang='lat' dir='ltr'>Iob.</span> <span class='ocrx_word' id='word_1_11' title='bbox 1084 728 1120 789; x_wconf 82' lang='lat' dir='ltr'>C.</span> <span class='ocrx_word' id='word_1_12' title='bbox 1142 728 1164 789; x_wconf 89' lang='lat' dir='ltr'>I.</span> <span class='ocrx_word' id='word_1_13' title='bbox 1187 735 1222 791; x_wconf 90' lang='lat' dir='ltr'>et</span> <span class='ocrx_word' id='word_1_14' title='bbox 1241 728 1277 789; x_wconf 91' lang='lat' dir='ltr'>II.</span> <span class='ocrx_word' id='word_1_15' title='bbox 1298 724 1442 787; x_wconf 89' lang='lat' dir='ltr'><strong>XXXIII.</strong></span> 
     </span>
     <span class='ocr_line' id='line_1_3' title="bbox 274 831 1447 915; baseline -0.006 -19"><span class='ocrx_word' id='word_1_16' title='bbox 274 836 404 915; x_wconf 83' lang='lat' dir='ltr'>uliisquc</span> <span class='ocrx_word' id='word_1_17' title='bbox 424 837 500 897; x_wconf 85' lang='lat' dir='ltr'>locis</span> <span class='ocrx_word' id='word_1_18' title='bbox 522 834 727 915; x_wconf 85' lang='lat' dir='ltr'>sIgniflcctur,</span> <span class='ocrx_word' id='word_1_19' title='bbox 749 834 906 909; x_wconf 82' lang='lat' dir='ltr'>miserius,</span> <span class='ocrx_word' id='word_1_20' title='bbox 930 831 1039 911; x_wconf 82' lang='lat' dir='ltr'>quibus</span> <span class='ocrx_word' id='word_1_21' title='bbox 1055 833 1133 913; x_wconf 75' lang='lat' dir='ltr'>Justi</span> <span class='ocrx_word' id='word_1_22' title='bbox 1154 837 1320 905; x_wconf 82' lang='lat' dir='ltr'>vexentur,</span> <span class='ocrx_word' id='word_1_23' title='bbox 1341 834 1447 891; x_wconf 78' lang='lat' dir='ltr'>tentu-</span> 
     </span>
    </p>
   </div>
   <div class='ocr_carea' id='block_1_3' title="bbox 274 928 1449 2451">
    <p class='ocr_par' dir='ltr' id='par_1_3' title="bbox 274 928 1449 2451">
     <span class='ocr_line' id='line_1_4' title="bbox 274 928 1447 1016; baseline -0.008 -15"><span class='ocrx_word' id='word_1_24' title='bbox 274 939 376 1001; x_wconf 88' lang='lat' dir='ltr'>tiones</span> <span class='ocrx_word' id='word_1_25' title='bbox 404 957 491 1013; x_wconf 80' lang='lat' dir='ltr'>erse,</span> <span class='ocrx_word' id='word_1_26' title='bbox 517 937 627 1016; x_wconf 86' lang='lat' dir='ltr'>quibus</span> <span class='ocrx_word' id='word_1_27' title='bbox 649 938 732 999; x_wconf 86' lang='lat' dir='ltr'>Deus</span> <span class='ocrx_word' id='word_1_28' title='bbox 755 949 879 1011; x_wconf 89' lang='lat' dir='ltr'>eornm,</span> <span class='ocrx_word' id='word_1_29' title='bbox 901 954 978 1014; x_wconf 84' lang='lat' dir='ltr'>quos</span> <span class='ocrx_word' id='word_1_30' title='bbox 1000 934 1100 1015; x_wconf 81' lang='lat' dir='ltr'>diligit</span> <span class='ocrx_word' id='word_1_31' title='bbox 1120 934 1181 1013; x_wconf 87' lang='lat' dir='ltr'>(ci.</span> <span class='ocrx_word' id='word_1_32' title='bbox 1203 934 1292 995; x_wconf 86' lang='lat' dir='ltr'>Prov.</span> <span class='ocrx_word' id='word_1_33' title='bbox 1315 929 1346 1007; x_wconf 90' lang='lat'>2,</span> <span class='ocrx_word' id='word_1_34' title='bbox 1373 928 1447 1010; x_wconf 88' lang='lat'>12),</span> 
     </span>
     <span class='ocr_line' id='line_1_5' title="bbox 275 1009 1449 1120; baseline -0.008 -17"><span class='ocrx_word' id='word_1_35' title='bbox 275 1041 371 1104; x_wconf 84' lang='lat' dir='ltr'>iidem</span> <span class='ocrx_word' id='word_1_36' title='bbox 392 1046 425 1120; x_wconf 82' lang='lat' dir='ltr'>et</span> <span class='ocrx_word' id='word_1_37' title='bbox 446 1040 593 1120; x_wconf 78' lang='lat' dir='ltr'>pietatem</span> <span class='ocrx_word' id='word_1_38' title='bbox 615 1041 785 1120; x_wconf 82' lang='lat' dir='ltr'>explorurc,</span> <span class='ocrx_word' id='word_1_39' title='bbox 809 1038 1008 1119; x_wconf 85' lang='lat' dir='ltr'>cosdemque,</span> <span class='ocrx_word' id='word_1_40' title='bbox 1030 1044 1064 1098; x_wconf 92' lang='lat' dir='ltr'>ut</span> <span class='ocrx_word' id='word_1_41' title='bbox 1085 1037 1225 1117; x_wconf 84' lang='lat' dir='ltr'>sibiipsi</span> <span class='ocrx_word' id='word_1_42' title='bbox 1246 1035 1392 1097; x_wconf 79' lang='lat' dir='ltr'>diffidunt</span> <span class='ocrx_word' id='word_1_43' title='bbox 1407 1009 1449 1095; x_wconf 63' lang='lat' dir='ltr'>ct</span> 
     </span>
     <span class='ocr_line' id='line_1_6' title="bbox 277 1138 1447 1223; baseline -0.005 -18"><span class='ocrx_word' id='word_1_44' title='bbox 277 1143 453 1223; x_wconf 80' lang='lat' dir='ltr'>diligentius</span> <span class='ocrx_word' id='word_1_45' title='bbox 480 1142 579 1203; x_wconf 78' lang='lat' dir='ltr'>diuino</span> <span class='ocrx_word' id='word_1_46' title='bbox 600 1148 767 1223; x_wconf 79' lang='lat' dir='ltr'>praecepte</span> <span class='ocrx_word' id='word_1_47' title='bbox 789 1140 977 1215; x_wconf 85' lang='lat' dir='ltr'>custodiunt,</span> <span class='ocrx_word' id='word_1_48' title='bbox 1006 1141 1157 1221; x_wconf 68' lang='lat' dir='ltr'>castigarc</span> <span class='ocrx_word' id='word_1_49' title='bbox 1177 1140 1262 1201; x_wconf 83' lang='lat' dir='ltr'>velit.</span> <span class='ocrx_word' id='word_1_50' title='bbox 1304 1138 1447 1200; x_wconf 87' lang='lat' dir='ltr'>Plerum-</span> 
     </span>
     <span class='ocr_line' id='line_1_7' title="bbox 275 1238 1449 1325; baseline -0.006 -18"><span class='ocrx_word' id='word_1_51' title='bbox 275 1265 336 1325; x_wconf 89' lang='lat' dir='ltr'>que</span> <span class='ocrx_word' id='word_1_52' title='bbox 364 1251 466 1307; x_wconf 84' lang='lat' dir='ltr'>nutem</span> <span class='ocrx_word' id='word_1_53' title='bbox 494 1245 591 1305; x_wconf 90' lang='lat' dir='ltr'>nodos</span> <span class='ocrx_word' id='word_1_54' title='bbox 613 1264 673 1305; x_wconf 90' lang='lat' dir='ltr'>non</span> <span class='ocrx_word' id='word_1_55' title='bbox 695 1243 837 1318; x_wconf 84' lang='lat' dir='ltr'>solvitur,</span> <span class='ocrx_word' id='word_1_56' title='bbox 863 1242 920 1304; x_wconf 89' lang='lat' dir='ltr'>scd</span> <span class='ocrx_word' id='word_1_57' title='bbox 941 1243 1107 1323; x_wconf 79' lang='lat' dir='ltr'>rumpitur,</span> <span class='ocrx_word' id='word_1_58' title='bbox 1137 1261 1175 1304; x_wconf 91' lang='lat' dir='ltr'>co</span> <span class='ocrx_word' id='word_1_59' title='bbox 1196 1241 1333 1316; x_wconf 82' lang='lat' dir='ltr'>scilicet,</span> <span class='ocrx_word' id='word_1_60' title='bbox 1364 1238 1449 1319; x_wconf 85' lang='lat' dir='ltr'>quod</span> 
     </span>
     <span class='ocr_line' id='line_1_8' title="bbox 275 1342 1446 1428; baseline -0.007 -19"><span class='ocrx_word' id='word_1_61' title='bbox 275 1349 396 1428; x_wconf 92' lang='lat' dir='ltr'>piorum</span> <span class='ocrx_word' id='word_1_62' title='bbox 417 1348 516 1409; x_wconf 78' lang='lat' dir='ltr'>fructa</span> <span class='ocrx_word' id='word_1_63' title='bbox 537 1347 650 1409; x_wconf 83' lang='lat' dir='ltr'>fiducie</span> <span class='ocrx_word' id='word_1_64' title='bbox 670 1367 747 1407; x_wconf 79' lang='lat' dir='ltr'>novo</span> <span class='ocrx_word' id='word_1_65' title='bbox 767 1348 797 1407; x_wconf 85' lang='lat' dir='ltr'>ri</span> <span class='ocrx_word' id='word_1_66' title='bbox 811 1346 953 1426; x_wconf 86' lang='lat' dir='ltr'>emergit,</span> <span class='ocrx_word' id='word_1_67' title='bbox 974 1345 1058 1426; x_wconf 86' lang='lat' dir='ltr'>iique</span> <span class='ocrx_word' id='word_1_68' title='bbox 1073 1345 1113 1406; x_wconf 85' lang='lat' dir='ltr'>dc</span> <span class='ocrx_word' id='word_1_69' title='bbox 1126 1346 1247 1425; x_wconf 85' lang='lat' dir='ltr'>iutegro</span> <span class='ocrx_word' id='word_1_70' title='bbox 1261 1349 1328 1406; x_wconf 87' lang='lat' dir='ltr'>toto</span> <span class='ocrx_word' id='word_1_71' title='bbox 1343 1342 1446 1403; x_wconf 80' lang='lat' dir='ltr'>auimo</span> 
     </span>
     <span class='ocr_line' id='line_1_9' title="bbox 274 1446 1445 1531; baseline -0.006 -19"><span class='ocrx_word' id='word_1_72' title='bbox 274 1470 363 1531; x_wconf 89' lang='lat' dir='ltr'>spem</span> <span class='ocrx_word' id='word_1_73' title='bbox 385 1451 626 1530; x_wconf 75' lang='lat' dir='ltr'>amplectuntur,</span> <span class='ocrx_word' id='word_1_74' title='bbox 654 1449 799 1530; x_wconf 86' lang='lat' dir='ltr'>proiecto</span> <span class='ocrx_word' id='word_1_75' title='bbox 821 1449 890 1511; x_wconf 86' lang='lat' dir='ltr'>iore</span> <span class='ocrx_word' id='word_1_76' title='bbox 911 1449 1081 1523; x_wconf 83' lang='lat' dir='ltr'>tundem,</span> <span class='ocrx_word' id='word_1_77' title='bbox 1103 1453 1138 1509; x_wconf 86' lang='lat' dir='ltr'>ut</span> <span class='ocrx_word' id='word_1_78' title='bbox 1159 1449 1242 1510; x_wconf 84' lang='lat' dir='ltr'>Deus</span> <span class='ocrx_word' id='word_1_79' title='bbox 1263 1447 1324 1527; x_wconf 83' lang='lat' dir='ltr'>piIs</span> <span class='ocrx_word' id='word_1_80' title='bbox 1345 1446 1445 1525; x_wconf 91' lang='lat' dir='ltr'>opitu·</span> 
     </span>
     <span class='ocr_line' id='line_1_10' title="bbox 274 1547 1441 1634; baseline -0.006 -18"><span class='ocrx_word' id='word_1_81' title='bbox 274 1556 356 1616; x_wconf 92' lang='lat' dir='ltr'>letur</span> <span class='ocrx_word' id='word_1_82' title='bbox 376 1559 410 1613; x_wconf 89' lang='lat' dir='ltr'>et</span> <span class='ocrx_word' id='word_1_83' title='bbox 430 1553 579 1634; x_wconf 87' lang='lat' dir='ltr'>improbis</span> <span class='ocrx_word' id='word_1_84' title='bbox 595 1553 696 1634; x_wconf 83' lang='lat' dir='ltr'>justos</span> <span class='ocrx_word' id='word_1_85' title='bbox 717 1570 833 1633; x_wconf 84' lang='lat' dir='ltr'>poenus</span> <span class='ocrx_word' id='word_1_86' title='bbox 854 1552 973 1632; x_wconf 81' lang='lat' dir='ltr'>infliget</span> <span class='ocrx_word' id='word_1_87' title='bbox 994 1551 1050 1634; x_wconf 81' lang='lat' dir='ltr'>(cf.</span> <span class='ocrx_word' id='word_1_88' title='bbox 1071 1551 1124 1613; x_wconf 75' lang='lat' dir='ltr'>Po.</span> <span class='ocrx_word' id='word_1_89' title='bbox 1144 1547 1187 1614; x_wconf 80' lang='lat'>37</span> <span class='ocrx_word' id='word_1_90' title='bbox 1210 1556 1244 1612; x_wconf 92' lang='lat' dir='ltr'>et</span> <span class='ocrx_word' id='word_1_91' title='bbox 1262 1550 1326 1629; x_wconf 77' lang='lat' dir='ltr'>ul).</span> <span class='ocrx_word' id='word_1_92' title='bbox 1370 1548 1441 1609; x_wconf 71' lang='lat' dir='ltr'>ute</span> 
     </span>
     <span class='ocr_line' id='line_1_11' title="bbox 274 1653 1442 1732; baseline -0.005 -15"><span class='ocrx_word' id='word_1_93' title='bbox 274 1657 338 1717; x_wconf 91' lang='lat' dir='ltr'>uim</span> <span class='ocrx_word' id='word_1_94' title='bbox 359 1656 435 1717; x_wconf 86' lang='lat' dir='ltr'>illud</span> <span class='ocrx_word' id='word_1_95' title='bbox 455 1662 570 1729; x_wconf 84' lang='lat' dir='ltr'>ratum,</span> <span class='ocrx_word' id='word_1_96' title='bbox 598 1656 737 1731; x_wconf 82' lang='lat' dir='ltr'>firmum,</span> <span class='ocrx_word' id='word_1_97' title='bbox 763 1656 859 1716; x_wconf 84' lang='lat' dir='ltr'>tirum</span> <span class='ocrx_word' id='word_1_98' title='bbox 880 1674 1005 1717; x_wconf 84' lang='lat' dir='ltr'>monere</span> <span class='ocrx_word' id='word_1_99' title='bbox 1026 1655 1139 1731; x_wconf 86' lang='lat' dir='ltr'>debet,</span> <span class='ocrx_word' id='word_1_100' title='bbox 1165 1653 1236 1715; x_wconf 84' lang='lat' dir='ltr'>fleri</span> <span class='ocrx_word' id='word_1_101' title='bbox 1257 1671 1319 1713; x_wconf 93' lang='lat' dir='ltr'>non</span> <span class='ocrx_word' id='word_1_102' title='bbox 1340 1669 1442 1732; x_wconf 87' lang='lat' dir='ltr'>posse,</span> 
     </span>
     <span class='ocr_line' id='line_1_12' title="bbox 274 1755 1440 1839; baseline -0.003 -20"><span class='ocrx_word' id='word_1_103' title='bbox 274 1765 325 1834; x_wconf 86' lang='lat' dir='ltr'>ut,</span> <span class='ocrx_word' id='word_1_104' title='bbox 349 1758 401 1837; x_wconf 86' lang='lat' dir='ltr'>qui</span> <span class='ocrx_word' id='word_1_105' title='bbox 421 1758 488 1819; x_wconf 86' lang='lat' dir='ltr'>Deo</span> <span class='ocrx_word' id='word_1_106' title='bbox 510 1757 643 1819; x_wconf 89' lang='lat' dir='ltr'>confisus</span> <span class='ocrx_word' id='word_1_107' title='bbox 666 1758 719 1831; x_wconf 89' lang='lat' dir='ltr'>sit,</span> <span class='ocrx_word' id='word_1_108' title='bbox 742 1759 810 1839; x_wconf 87' lang='lat' dir='ltr'>ejus</span> <span class='ocrx_word' id='word_1_109' title='bbox 831 1776 904 1837; x_wconf 81' lang='lat' dir='ltr'>spen</span> <span class='ocrx_word' id='word_1_110' title='bbox 925 1758 964 1818; x_wconf 83' lang='lat' dir='ltr'>nd</span> <span class='ocrx_word' id='word_1_111' title='bbox 985 1758 1107 1819; x_wconf 87' lang='lat' dir='ltr'>irritum</span> <span class='ocrx_word' id='word_1_112' title='bbox 1128 1757 1302 1837; x_wconf 83' lang='lat' dir='ltr'>redigetur,</span> <span class='ocrx_word' id='word_1_113' title='bbox 1330 1755 1440 1835; x_wconf 85' lang='lat' dir='ltr'>impro</span> 
     </span>
     <span class='ocr_line' id='line_1_13' title="bbox 275 1857 1440 1940; baseline -0.002 -20"><span class='ocrx_word' id='word_1_114' title='bbox 275 1861 334 1920; x_wconf 87' lang='lat' dir='ltr'>bus</span> <span class='ocrx_word' id='word_1_115' title='bbox 355 1879 428 1920; x_wconf 86' lang='lat' dir='ltr'>vero</span> <span class='ocrx_word' id='word_1_116' title='bbox 451 1859 638 1940; x_wconf 84' lang='lat' dir='ltr'>sempiterno</span> <span class='ocrx_word' id='word_1_117' title='bbox 658 1860 778 1921; x_wconf 80' lang='lat' dir='ltr'>fructur</span> <span class='ocrx_word' id='word_1_118' title='bbox 798 1860 964 1935; x_wconf 80' lang='lat' dir='ltr'>felicitate,</span> <span class='ocrx_word' id='word_1_119' title='bbox 992 1880 1084 1939; x_wconf 86' lang='lat' dir='ltr'>quum</span> <span class='ocrx_word' id='word_1_120' title='bbox 1103 1878 1197 1939; x_wconf 78' lang='lat' dir='ltr'>ponor</span> <span class='ocrx_word' id='word_1_121' title='bbox 1218 1857 1321 1919; x_wconf 75' lang='lat' dir='ltr'>Demo</span> <span class='ocrx_word' id='word_1_122' title='bbox 1342 1863 1374 1918; x_wconf 79' lang='lat' dir='ltr'>ct</span> <span class='ocrx_word' id='word_1_123' title='bbox 1388 1875 1440 1937; x_wconf 71' lang='lat' dir='ltr'>po</span> 
     </span>
     <span class='ocr_line' id='line_1_14' title="bbox 275 1959 1440 2045; baseline -0.001 -24"><span class='ocrx_word' id='word_1_124' title='bbox 275 1962 371 2022; x_wconf 70' lang='lat' dir='ltr'>lenita</span> <span class='ocrx_word' id='word_1_125' title='bbox 391 1962 433 2021; x_wconf 76' lang='lat' dir='ltr'>rit</span> <span class='ocrx_word' id='word_1_126' title='bbox 452 1967 482 2022; x_wconf 85' lang='lat' dir='ltr'>et</span> <span class='ocrx_word' id='word_1_127' title='bbox 500 1963 722 2033; x_wconf 70' lang='lat' dir='ltr'>noiten&#39;cordia,</span> <span class='ocrx_word' id='word_1_128' title='bbox 750 1963 891 2045; x_wconf 78' lang='lat' dir='ltr'>idemque</span> <span class='ocrx_word' id='word_1_129' title='bbox 908 1983 968 2041; x_wconf 81' lang='lat' dir='ltr'>pro</span> <span class='ocrx_word' id='word_1_130' title='bbox 990 1964 1136 2042; x_wconf 72' lang='lat' dir='ltr'>dipnitotc</span> <span class='ocrx_word' id='word_1_131' title='bbox 1157 1962 1320 2041; x_wconf 71' lang='lat' dir='ltr'>contortique</span> <span class='ocrx_word' id='word_1_132' title='bbox 1341 1959 1383 2019; x_wconf 78' lang='lat' dir='ltr'>o&#39;t</span> <span class='ocrx_word' id='word_1_133' title='bbox 1399 1977 1440 2020; x_wconf 70' lang='lat' dir='ltr'>rc</span> 
     </span>
     <span class='ocr_line' id='line_1_15' title="bbox 276 2059 1439 2146; baseline -0.001 -23"><span class='ocrx_word' id='word_1_134' title='bbox 276 2062 448 2124; x_wconf 75' lang='lat' dir='ltr'>tributum.</span> <span class='ocrx_word' id='word_1_135' title='bbox 471 2063 542 2146; x_wconf 84' lang='lat' dir='ltr'>(Ps.</span> <span class='ocrx_word' id='word_1_136' title='bbox 563 2059 617 2140; x_wconf 87' lang='lat'>62,</span> <span class='ocrx_word' id='word_1_137' title='bbox 641 2061 691 2124; x_wconf 71' lang='lat'>1².</span> <span class='ocrx_word' id='word_1_138' title='bbox 715 2060 765 2125; x_wconf 82' lang='lat'>13.</span> <span class='ocrx_word' id='word_1_139' title='bbox 788 2066 858 2125; x_wconf 93' lang='lat' dir='ltr'>coll.</span> <span class='ocrx_word' id='word_1_140' title='bbox 880 2060 933 2140; x_wconf 80' lang='lat'>94,</span> <span class='ocrx_word' id='word_1_141' title='bbox 957 2062 1092 2126; x_wconf 84' lang='lat'>12-23.</span> <span class='ocrx_word' id='word_1_142' title='bbox 1116 2069 1149 2125; x_wconf 90' lang='lat' dir='ltr'>et</span> <span class='ocrx_word' id='word_1_143' title='bbox 1170 2063 1238 2142; x_wconf 84' lang='lat' dir='ltr'>ul).</span> <span class='ocrx_word' id='word_1_144' title='bbox 1261 2097 1302 2108; x_wconf 97' lang='lat'>-</span> <span class='ocrx_word' id='word_1_145' title='bbox 1324 2061 1439 2122; x_wconf 76' lang='lat' dir='ltr'>Eodem</span> 
     </span>
     <span class='ocr_line' id='line_1_16' title="bbox 276 2165 1439 2246; baseline 0 -21"><span class='ocrx_word' id='word_1_146' title='bbox 276 2171 435 2245; x_wconf 90' lang='lat' dir='ltr'>postremo</span> <span class='ocrx_word' id='word_1_147' title='bbox 457 2165 594 2226; x_wconf 84' lang='lat' dir='ltr'>decurrit</span> <span class='ocrx_word' id='word_1_148' title='bbox 614 2166 695 2227; x_wconf 89' lang='lat' dir='ltr'>liber</span> <span class='ocrx_word' id='word_1_149' title='bbox 714 2166 795 2227; x_wconf 86' lang='lat' dir='ltr'>Jobi.</span> <span class='ocrx_word' id='word_1_150' title='bbox 824 2167 963 2246; x_wconf 82' lang='lat' dir='ltr'>Namque</span> <span class='ocrx_word' id='word_1_151' title='bbox 977 2167 1056 2228; x_wconf 91' lang='lat' dir='ltr'>Jobo</span> <span class='ocrx_word' id='word_1_152' title='bbox 1078 2172 1189 2228; x_wconf 78' lang='lat' dir='ltr'>cuncto</span> <span class='ocrx_word' id='word_1_153' title='bbox 1209 2166 1321 2226; x_wconf 82' lang='lat' dir='ltr'>emisse</span> <span class='ocrx_word' id='word_1_154' title='bbox 1342 2182 1439 2226; x_wconf 79' lang='lat' dir='ltr'>cumn</span> 
     </span>
     <span class='ocr_line' id='line_1_17' title="bbox 274 2267 1439 2351; baseline 0.002 -24"><span class='ocrx_word' id='word_1_155' title='bbox 274 2267 338 2327; x_wconf 85' lang='lat' dir='ltr'>Inte</span> <span class='ocrx_word' id='word_1_156' title='bbox 359 2267 578 2343; x_wconf 81' lang='lat' dir='ltr'>restituuntur,</span> <span class='ocrx_word' id='word_1_157' title='bbox 607 2276 641 2328; x_wconf 85' lang='lat' dir='ltr'>et</span> <span class='ocrx_word' id='word_1_158' title='bbox 660 2268 704 2329; x_wconf 85' lang='lat' dir='ltr'>ito</span> <span class='ocrx_word' id='word_1_159' title='bbox 725 2288 953 2344; x_wconf 79' lang='lat' dir='ltr'>rerumrerum,</span> <span class='ocrx_word' id='word_1_160' title='bbox 981 2288 1055 2348; x_wconf 85' lang='lat' dir='ltr'>quus</span> <span class='ocrx_word' id='word_1_161' title='bbox 1081 2287 1247 2351; x_wconf 80' lang='lat' dir='ltr'>perpessus</span> <span class='ocrx_word' id='word_1_162' title='bbox 1269 2274 1335 2345; x_wconf 81' lang='lat' dir='ltr'>cst,</span> <span class='ocrx_word' id='word_1_163' title='bbox 1362 2268 1439 2347; x_wconf 81' lang='lat' dir='ltr'>Iurgr</span> 
     </span>
     <span class='ocr_line' id='line_1_18' title="bbox 278 2368 674 2451; baseline -0.003 -18"><span class='ocrx_word' id='word_1_164' title='bbox 278 2373 328 2433; x_wconf 87' lang='lat' dir='ltr'>est</span> <span class='ocrx_word' id='word_1_165' title='bbox 348 2368 432 2432; x_wconf 78' lang='lat' dir='ltr'>facto</span> <span class='ocrx_word' id='word_1_166' title='bbox 454 2370 674 2451; x_wconf 69' lang='lat' dir='ltr'>compensatio.</span> 
     </span>
    </p>
   </div>
   <div class='ocr_carea' id='block_1_4' title="bbox 272 2673 1444 4091">
    <p class='ocr_par' dir='ltr' id='par_1_4' title="bbox 272 2673 1444 4091">
     <span class='ocr_line' id='line_1_19' title="bbox 359 2673 1437 2758; baseline 0.007 -23"><span class='ocrx_word' id='word_1_167' title='bbox 359 2673 392 2758; x_wconf 86' lang='lat' dir='ltr'>I)</span> <span class='ocrx_word' id='word_1_168' title='bbox 418 2677 506 2739; x_wconf 85' lang='lat' dir='ltr'>Ilnec</span> <span class='ocrx_word' id='word_1_169' title='bbox 527 2678 629 2738; x_wconf 81' lang='lat' dir='ltr'>omniu</span> <span class='ocrx_word' id='word_1_170' title='bbox 649 2697 688 2739; x_wconf 89' lang='lat' dir='ltr'>eo</span> <span class='ocrx_word' id='word_1_171' title='bbox 710 2678 837 2740; x_wconf 89' lang='lat' dir='ltr'>consilio</span> <span class='ocrx_word' id='word_1_172' title='bbox 859 2679 1002 2758; x_wconf 81' lang='lat' dir='ltr'>exposui,</span> <span class='ocrx_word' id='word_1_173' title='bbox 1029 2684 1064 2740; x_wconf 86' lang='lat' dir='ltr'>nt</span> <span class='ocrx_word' id='word_1_174' title='bbox 1086 2679 1179 2740; x_wconf 83' lang='lat' dir='ltr'>etium</span> <span class='ocrx_word' id='word_1_175' title='bbox 1208 2680 1319 2742; x_wconf 76' lang='lat' dir='ltr'>clarius</span> <span class='ocrx_word' id='word_1_176' title='bbox 1341 2682 1437 2753; x_wconf 78' lang='lat' dir='ltr'>floret,</span> 
     </span>
     <span class='ocr_line' id='line_1_20' title="bbox 273 2779 1438 2862; baseline 0.003 -21"><span class='ocrx_word' id='word_1_177' title='bbox 273 2780 307 2841; x_wconf 91' lang='lat' dir='ltr'>in</span> <span class='ocrx_word' id='word_1_178' title='bbox 326 2779 533 2841; x_wconf 75' lang='lat' dir='ltr'>Ismiilitnrum</span> <span class='ocrx_word' id='word_1_179' title='bbox 553 2781 703 2860; x_wconf 74' lang='lat' dir='ltr'>religione</span> <span class='ocrx_word' id='word_1_180' title='bbox 724 2781 854 2861; x_wconf 80' lang='lat' dir='ltr'>plurImc</span> <span class='ocrx_word' id='word_1_181' title='bbox 876 2782 999 2860; x_wconf 86' lang='lat' dir='ltr'>quidem</span> <span class='ocrx_word' id='word_1_182' title='bbox 1022 2781 1136 2857; x_wconf 83' lang='lat' dir='ltr'>fuisse,</span> <span class='ocrx_word' id='word_1_183' title='bbox 1165 2784 1274 2862; x_wconf 89' lang='lat' dir='ltr'>quibus</span> <span class='ocrx_word' id='word_1_184' title='bbox 1297 2790 1438 2846; x_wconf 80' lang='lat' dir='ltr'>neternte</span> 
     </span>
     <span class='ocr_line' id='line_1_21' title="bbox 272 2882 1439 2965; baseline 0.003 -24"><span class='ocrx_word' id='word_1_185' title='bbox 272 2883 354 2945; x_wconf 82' lang='lat' dir='ltr'>vltoe</span> <span class='ocrx_word' id='word_1_186' title='bbox 376 2882 563 2944; x_wconf 87' lang='lat' dir='ltr'>desiderium</span> <span class='ocrx_word' id='word_1_187' title='bbox 584 2901 647 2945; x_wconf 88' lang='lat' dir='ltr'>uon</span> <span class='ocrx_word' id='word_1_188' title='bbox 667 2888 775 2963; x_wconf 81' lang='lat' dir='ltr'>posset</span> <span class='ocrx_word' id='word_1_189' title='bbox 797 2903 858 2943; x_wconf 93' lang='lat' dir='ltr'>non</span> <span class='ocrx_word' id='word_1_190' title='bbox 879 2884 1023 2960; x_wconf 79' lang='lat' dir='ltr'>excitari,</span> <span class='ocrx_word' id='word_1_191' title='bbox 1045 2884 1102 2946; x_wconf 90' lang='lat' dir='ltr'>sed</span> <span class='ocrx_word' id='word_1_192' title='bbox 1123 2885 1243 2945; x_wconf 86' lang='lat' dir='ltr'>firmum</span> <span class='ocrx_word' id='word_1_193' title='bbox 1265 2891 1439 2965; x_wconf 81' lang='lat' dir='ltr'>certumque</span> 
     </span>
     <span class='ocr_line' id='line_1_22' title="bbox 273 2986 1439 3068; baseline 0.003 -22"><span class='ocrx_word' id='word_1_194' title='bbox 273 3004 361 3067; x_wconf 89' lang='lat' dir='ltr'>spem</span> <span class='ocrx_word' id='word_1_195' title='bbox 383 2991 527 3048; x_wconf 86' lang='lat' dir='ltr'>ueteruue</span> <span class='ocrx_word' id='word_1_196' title='bbox 548 2986 629 3048; x_wconf 73' lang='lat' dir='ltr'>vitae</span> <span class='ocrx_word' id='word_1_197' title='bbox 651 2992 684 3048; x_wconf 91' lang='lat' dir='ltr'>et</span> <span class='ocrx_word' id='word_1_198' title='bbox 704 2986 865 3049; x_wconf 79' lang='lat' dir='ltr'>felicitat-is</span> <span class='ocrx_word' id='word_1_199' title='bbox 888 2992 1106 3066; x_wconf 89' lang='lat' dir='ltr'>postmortem</span> <span class='ocrx_word' id='word_1_200' title='bbox 1127 2988 1249 3049; x_wconf 79' lang='lat' dir='ltr'>futurae</span> <span class='ocrx_word' id='word_1_201' title='bbox 1264 2989 1333 3068; x_wconf 89' lang='lat' dir='ltr'>pios</span> <span class='ocrx_word' id='word_1_202' title='bbox 1348 2988 1439 3049; x_wconf 69' lang='lat' dir='ltr'>lurei-</span> 
     </span>
     <span class='ocr_line' id='line_1_23' title="bbox 273 3088 1440 3170; baseline 0.003 -22"><span class='ocrx_word' id='word_1_203' title='bbox 273 3088 348 3150; x_wconf 81' lang='lat' dir='ltr'>lites</span> <span class='ocrx_word' id='word_1_204' title='bbox 370 3109 431 3149; x_wconf 93' lang='lat' dir='ltr'>non</span> <span class='ocrx_word' id='word_1_205' title='bbox 452 3089 577 3150; x_wconf 85' lang='lat' dir='ltr'>fovisse.</span> <span class='ocrx_word' id='word_1_206' title='bbox 621 3088 700 3149; x_wconf 80' lang='lat' dir='ltr'>Num</span> <span class='ocrx_word' id='word_1_207' title='bbox 722 3090 798 3165; x_wconf 88' lang='lat' dir='ltr'>etsi,</span> <span class='ocrx_word' id='word_1_208' title='bbox 827 3090 879 3169; x_wconf 92' lang='lat' dir='ltr'>qni</span> <span class='ocrx_word' id='word_1_209' title='bbox 899 3090 1023 3150; x_wconf 81' lang='lat' dir='ltr'>beatum</span> <span class='ocrx_word' id='word_1_210' title='bbox 1043 3096 1159 3151; x_wconf 87' lang='lat' dir='ltr'>sortem</span> <span class='ocrx_word' id='word_1_211' title='bbox 1186 3091 1246 3170; x_wconf 87' lang='lat' dir='ltr'>piis</span> <span class='ocrx_word' id='word_1_212' title='bbox 1268 3095 1342 3169; x_wconf 85' lang='lat' dir='ltr'>post</span> <span class='ocrx_word' id='word_1_213' title='bbox 1361 3109 1440 3151; x_wconf 88' lang='lat' dir='ltr'>mor·</span> 
     </span>
     <span class='ocr_line' id='line_1_24' title="bbox 272 3191 1442 3273; baseline 0.002 -21"><span class='ocrx_word' id='word_1_214' title='bbox 272 3196 339 3252; x_wconf 86' lang='lat' dir='ltr'>tem</span> <span class='ocrx_word' id='word_1_215' title='bbox 364 3193 554 3271; x_wconf 81' lang='lat' dir='ltr'>propositum</span> <span class='ocrx_word' id='word_1_216' title='bbox 581 3210 652 3252; x_wconf 89' lang='lat' dir='ltr'>csse</span> <span class='ocrx_word' id='word_1_217' title='bbox 687 3191 802 3266; x_wconf 87' lang='lat' dir='ltr'>credit,</span> <span class='ocrx_word' id='word_1_218' title='bbox 835 3211 989 3270; x_wconf 89' lang='lat' dir='ltr'>nunquum</span> <span class='ocrx_word' id='word_1_219' title='bbox 1022 3192 1144 3253; x_wconf 83' lang='lat' dir='ltr'>desinet</span> <span class='ocrx_word' id='word_1_220' title='bbox 1176 3193 1442 3273; x_wconf 74' lang='lat' dir='ltr'>persuasissImum</span> 
     </span>
     <span class='ocr_line' id='line_1_25' title="bbox 273 3292 1444 3375; baseline 0.001 -20"><span class='ocrx_word' id='word_1_221' title='bbox 273 3293 403 3370; x_wconf 79' lang='lat' dir='ltr'>hebere,</span> <span class='ocrx_word' id='word_1_222' title='bbox 425 3293 517 3354; x_wconf 80' lang='lat' dir='ltr'>etium</span> <span class='ocrx_word' id='word_1_223' title='bbox 538 3293 598 3352; x_wconf 77' lang='lat' dir='ltr'>Irrc</span> <span class='ocrx_word' id='word_1_224' title='bbox 620 3292 653 3351; x_wconf 93' lang='lat' dir='ltr'>in</span> <span class='ocrx_word' id='word_1_225' title='bbox 672 3297 758 3353; x_wconf 85' lang='lat' dir='ltr'>terro</span> <span class='ocrx_word' id='word_1_226' title='bbox 778 3293 875 3353; x_wconf 84' lang='lat' dir='ltr'>mulos</span> <span class='ocrx_word' id='word_1_227' title='bbox 897 3299 989 3372; x_wconf 83' lang='lat' dir='ltr'>utque</span> <span class='ocrx_word' id='word_1_228' title='bbox 1010 3293 1120 3373; x_wconf 86' lang='lat' dir='ltr'>impios</span> <span class='ocrx_word' id='word_1_229' title='bbox 1134 3295 1329 3375; x_wconf 75' lang='lat' dir='ltr'>profligatum</span> <span class='ocrx_word' id='word_1_230' title='bbox 1351 3296 1392 3359; x_wconf 87' lang='lat' dir='ltr'>iri</span> <span class='ocrx_word' id='word_1_231' title='bbox 1412 3300 1444 3357; x_wconf 84' lang='lat' dir='ltr'>et</span> 
     </span>
     <span class='ocr_line' id='line_1_26' title="bbox 274 3393 1443 3479; baseline 0.003 -24"><span class='ocrx_word' id='word_1_232' title='bbox 274 3396 332 3456; x_wconf 84' lang='lat' dir='ltr'>nei</span> <span class='ocrx_word' id='word_1_233' title='bbox 355 3413 476 3455; x_wconf 79' lang='lat' dir='ltr'>causum</span> <span class='ocrx_word' id='word_1_234' title='bbox 504 3413 575 3454; x_wconf 80' lang='lat' dir='ltr'>esec</span> <span class='ocrx_word' id='word_1_235' title='bbox 601 3393 872 3472; x_wconf 79' lang='lat' dir='ltr'>triumphaturum:</span> <span class='ocrx_word' id='word_1_236' title='bbox 899 3400 1003 3456; x_wconf 85' lang='lat' dir='ltr'>tumen</span> <span class='ocrx_word' id='word_1_237' title='bbox 1029 3396 1105 3457; x_wconf 90' lang='lat' dir='ltr'>mihi</span> <span class='ocrx_word' id='word_1_238' title='bbox 1131 3417 1192 3458; x_wconf 88' lang='lat' dir='ltr'>non</span> <span class='ocrx_word' id='word_1_239' title='bbox 1219 3416 1346 3477; x_wconf 89' lang='lat' dir='ltr'>possum</span> <span class='ocrx_word' id='word_1_240' title='bbox 1373 3418 1443 3479; x_wconf 89' lang='lat' dir='ltr'>per-</span> 
     </span>
     <span class='ocr_line' id='line_1_27' title="bbox 276 3494 1443 3579; baseline 0.004 -22"><span class='ocrx_word' id='word_1_241' title='bbox 276 3496 423 3571; x_wconf 83' lang='lat' dir='ltr'>suadere,</span> <span class='ocrx_word' id='word_1_242' title='bbox 444 3496 513 3576; x_wconf 90' lang='lat' dir='ltr'>pios</span> <span class='ocrx_word' id='word_1_243' title='bbox 534 3494 704 3571; x_wconf 72' lang='lat' dir='ltr'>lsmiilitus,</span> <span class='ocrx_word' id='word_1_244' title='bbox 727 3496 859 3558; x_wconf 85' lang='lat' dir='ltr'>siillnm</span> <span class='ocrx_word' id='word_1_245' title='bbox 882 3504 999 3560; x_wconf 85' lang='lat' dir='ltr'>certum</span> <span class='ocrx_word' id='word_1_246' title='bbox 1020 3518 1109 3579; x_wconf 89' lang='lat' dir='ltr'>spem</span> <span class='ocrx_word' id='word_1_247' title='bbox 1128 3500 1325 3576; x_wconf 74' lang='lat' dir='ltr'>habuissent,</span> <span class='ocrx_word' id='word_1_248' title='bbox 1347 3501 1389 3562; x_wconf 85' lang='lat' dir='ltr'>nd</span> <span class='ocrx_word' id='word_1_249' title='bbox 1409 3520 1443 3562; x_wconf 87' lang='lat' dir='ltr'>se</span> 
     </span>
     <span class='ocr_line' id='line_1_28' title="bbox 273 3597 1443 3677; baseline 0.004 -19"><span class='ocrx_word' id='word_1_250' title='bbox 273 3598 359 3677; x_wconf 86' lang='lat' dir='ltr'>ipsos</span> <span class='ocrx_word' id='word_1_251' title='bbox 392 3597 473 3658; x_wconf 90' lang='lat' dir='ltr'>inter</span> <span class='ocrx_word' id='word_1_252' title='bbox 499 3597 689 3658; x_wconf 77' lang='lat' dir='ltr'>calamitates</span> <span class='ocrx_word' id='word_1_253' title='bbox 723 3600 924 3661; x_wconf 78' lang='lat' dir='ltr'>consolandos</span> <span class='ocrx_word' id='word_1_254' title='bbox 951 3607 1014 3662; x_wconf 83' lang='lat' dir='ltr'>tum</span> <span class='ocrx_word' id='word_1_255' title='bbox 1044 3621 1114 3662; x_wconf 84' lang='lat' dir='ltr'>roro</span> <span class='ocrx_word' id='word_1_256' title='bbox 1150 3621 1218 3662; x_wconf 83' lang='lat' dir='ltr'>enm</span> <span class='ocrx_word' id='word_1_257' title='bbox 1251 3603 1443 3665; x_wconf 75' lang='lat' dir='ltr'>adhibituros</span> 
     </span>
     <span class='ocr_line' id='line_1_29' title="bbox 274 3698 1443 3786; baseline 0.006 -26"><span class='ocrx_word' id='word_1_258' title='bbox 274 3699 386 3775; x_wconf 87' lang='lat' dir='ltr'>fuisse,</span> <span class='ocrx_word' id='word_1_259' title='bbox 410 3702 449 3759; x_wconf 76' lang='lat' dir='ltr'>&#39;nt</span> <span class='ocrx_word' id='word_1_260' title='bbox 469 3698 493 3759; x_wconf 93' lang='lat' dir='ltr'>ii</span> <span class='ocrx_word' id='word_1_261' title='bbox 514 3718 634 3778; x_wconf 88' lang='lat' dir='ltr'>qnoque</span> <span class='ocrx_word' id='word_1_262' title='bbox 655 3701 811 3782; x_wconf 81' lang='lat' dir='ltr'>theologi,</span> <span class='ocrx_word' id='word_1_263' title='bbox 841 3703 893 3782; x_wconf 86' lang='lat' dir='ltr'>qui</span> <span class='ocrx_word' id='word_1_264' title='bbox 914 3703 996 3763; x_wconf 87' lang='lat' dir='ltr'>illum</span> <span class='ocrx_word' id='word_1_265' title='bbox 1018 3721 1105 3783; x_wconf 88' lang='lat' dir='ltr'>spem</span> <span class='ocrx_word' id='word_1_266' title='bbox 1132 3704 1170 3764; x_wconf 89' lang='lat' dir='ltr'>iis</span> <span class='ocrx_word' id='word_1_267' title='bbox 1192 3705 1345 3782; x_wconf 84' lang='lat' dir='ltr'>tribuunt,</span> <span class='ocrx_word' id='word_1_268' title='bbox 1373 3727 1443 3786; x_wconf 88' lang='lat' dir='ltr'>per-</span> 
     </span>
     <span class='ocr_line' id='line_1_30' title="bbox 273 3801 1442 3887; baseline 0.006 -26"><span class='ocrx_word' id='word_1_269' title='bbox 273 3821 370 3882; x_wconf 87' lang='lat' dir='ltr'>puucu</span> <span class='ocrx_word' id='word_1_270' title='bbox 401 3801 468 3882; x_wconf 80' lang='lat' dir='ltr'>ejus</span> <span class='ocrx_word' id='word_1_271' title='bbox 495 3803 542 3864; x_wconf 85' lang='lat' dir='ltr'>rei</span> <span class='ocrx_word' id='word_1_272' title='bbox 569 3803 747 3865; x_wconf 84' lang='lat' dir='ltr'>testImoniu</span> <span class='ocrx_word' id='word_1_273' title='bbox 775 3804 888 3867; x_wconf 83' lang='lat' dir='ltr'>efferre</span> <span class='ocrx_word' id='word_1_274' title='bbox 915 3806 1044 3885; x_wconf 78' lang='lat' dir='ltr'>possint.</span> <span class='ocrx_word' id='word_1_275' title='bbox 1089 3805 1199 3883; x_wconf 82' lang='lat' dir='ltr'>Certe,</span> <span class='ocrx_word' id='word_1_276' title='bbox 1225 3806 1259 3866; x_wconf 87' lang='lat' dir='ltr'>id</span> <span class='ocrx_word' id='word_1_277' title='bbox 1288 3808 1371 3887; x_wconf 87' lang='lat' dir='ltr'>quod</span> <span class='ocrx_word' id='word_1_278' title='bbox 1398 3809 1442 3870; x_wconf 88' lang='lat' dir='ltr'>illi</span> 
     </span>
     <span class='ocr_line' id='line_1_31' title="bbox 273 3903 1443 3989; baseline 0.005 -24"><span class='ocrx_word' id='word_1_279' title='bbox 273 3904 335 3985; x_wconf 88' lang='lat' dir='ltr'>ipsi</span> <span class='ocrx_word' id='word_1_280' title='bbox 363 3903 550 3981; x_wconf 86' lang='lat' dir='ltr'>concedent,</span> <span class='ocrx_word' id='word_1_281' title='bbox 577 3907 731 3983; x_wconf 87' lang='lat' dir='ltr'>locorum,</span> <span class='ocrx_word' id='word_1_282' title='bbox 761 3907 870 3986; x_wconf 89' lang='lat' dir='ltr'>quibus</span> <span class='ocrx_word' id='word_1_283' title='bbox 893 3907 1001 3969; x_wconf 82' lang='lat' dir='ltr'>afflicti</span> <span class='ocrx_word' id='word_1_284' title='bbox 1023 3908 1163 3970; x_wconf 78' lang='lat' dir='ltr'>miserias</span> <span class='ocrx_word' id='word_1_285' title='bbox 1190 3909 1390 3989; x_wconf 79' lang='lat' dir='ltr'>deplorantes</span> <span class='ocrx_word' id='word_1_286' title='bbox 1411 3914 1443 3972; x_wconf 88' lang='lat' dir='ltr'>et</span> 
     </span>
     <span class='ocr_line' id='line_1_32' title="bbox 274 4008 1443 4091; baseline 0.006 -23"><span class='ocrx_word' id='word_1_287' title='bbox 274 4008 372 4069; x_wconf 86' lang='lat' dir='ltr'>Deum</span> <span class='ocrx_word' id='word_1_288' title='bbox 394 4008 537 4087; x_wconf 86' lang='lat' dir='ltr'>precibus</span> <span class='ocrx_word' id='word_1_289' title='bbox 558 4009 734 4071; x_wconf 78' lang='lat' dir='ltr'>invocantes</span> <span class='ocrx_word' id='word_1_290' title='bbox 756 4011 955 4086; x_wconf 87' lang='lat' dir='ltr'>inducuntur,</span> <span class='ocrx_word' id='word_1_291' title='bbox 983 4011 1094 4091; x_wconf 91' lang='lat' dir='ltr'>longe</span> <span class='ocrx_word' id='word_1_292' title='bbox 1120 4012 1300 4090; x_wconf 81' lang='lat' dir='ltr'>plurimis</span> <span class='ocrx_word' id='word_1_293' title='bbox 1326 4033 1390 4076; x_wconf 92' lang='lat' dir='ltr'>non</span> <span class='ocrx_word' id='word_1_294' title='bbox 1412 4014 1443 4075; x_wconf 90' lang='lat' dir='ltr'>iu</span> 
     </span>
    </p>
   </div>
   <div class='ocr_carea' id='block_1_5' title="bbox 271 4113 1443 4298">
    <p class='ocr_par' dir='ltr' id='par_1_5' title="bbox 271 4113 1443 4298">
     <span class='ocr_line' id='line_1_33' title="bbox 272 4113 1443 4194; baseline 0.005 -24"><span class='ocrx_word' id='word_1_295' title='bbox 272 4116 394 4190; x_wconf 87' lang='lat' dir='ltr'>tempus</span> <span class='ocrx_word' id='word_1_296' title='bbox 409 4116 481 4190; x_wconf 89' lang='lat' dir='ltr'>post</span> <span class='ocrx_word' id='word_1_297' title='bbox 495 4118 626 4174; x_wconf 88' lang='lat' dir='ltr'>mortem</span> <span class='ocrx_word' id='word_1_298' title='bbox 642 4113 779 4175; x_wconf 87' lang='lat' dir='ltr'>futurum</span> <span class='ocrx_word' id='word_1_299' title='bbox 795 4116 925 4176; x_wconf 85' lang='lat' dir='ltr'>salutem</span> <span class='ocrx_word' id='word_1_300' title='bbox 940 4114 1191 4194; x_wconf 76' lang='lat' dir='ltr'>procrastinatum</span> <span class='ocrx_word' id='word_1_301' title='bbox 1206 4121 1325 4194; x_wconf 81' lang='lat' dir='ltr'>putent,</span> <span class='ocrx_word' id='word_1_302' title='bbox 1347 4117 1443 4178; x_wconf 87' lang='lat' dir='ltr'>Immo</span> 
     </span>
     <span class='ocr_line' id='line_1_34' title="bbox 271 4212 1441 4298; baseline 0.004 -25"><span class='ocrx_word' id='word_1_303' title='bbox 271 4232 344 4274; x_wconf 84' lang='lat' dir='ltr'>vero</span> <span class='ocrx_word' id='word_1_304' title='bbox 371 4213 410 4273; x_wconf 93' lang='lat' dir='ltr'>in</span> <span class='ocrx_word' id='word_1_305' title='bbox 436 4215 505 4274; x_wconf 85' lang='lat' dir='ltr'>Iruc</span> <span class='ocrx_word' id='word_1_306' title='bbox 533 4221 638 4276; x_wconf 84' lang='lat' dir='ltr'>terro</span> <span class='ocrx_word' id='word_1_307' title='bbox 664 4218 725 4298; x_wconf 81' lang='lat' dir='ltr'>(ci.</span> <span class='ocrx_word' id='word_1_308' title='bbox 748 4218 934 4297; x_wconf 74' lang='lat' dir='ltr'>pracsertim</span> <span class='ocrx_word' id='word_1_309' title='bbox 963 4217 1014 4277; x_wconf 84' lang='lat' dir='ltr'>I’s.</span> <span class='ocrx_word' id='word_1_310' title='bbox 1037 4215 1095 4293; x_wconf 84' lang='lat'>27,</span> <span class='ocrx_word' id='word_1_311' title='bbox 1120 4212 1170 4278; x_wconf 85' lang='lat'>13.</span> <span class='ocrx_word' id='word_1_312' title='bbox 1194 4214 1273 4294; x_wconf 82' lang='lat'>142,</span> <span class='ocrx_word' id='word_1_313' title='bbox 1294 4213 1348 4298; x_wconf 89' lang='grc'>6.)</span> <span class='ocrx_word' id='word_1_314' title='bbox 1372 4216 1441 4298; x_wconf 77' lang='lat'>¹¹⁸⁸).</span> 
     </span>
    </p>
   </div>
   <div class='ocr_carea' id='block_1_6' title="bbox 274 4335 577 4344">
    <p class='ocr_par' dir='ltr' id='par_1_6' title="bbox 274 4335 577 4344">
     <span class='ocr_line' id='line_1_35' title="bbox 274 4335 577 4344; baseline 0 -2"><span class='ocrx_word' id='word_1_315' title='bbox 274 4335 540 4342; x_wconf 47' lang='grc' dir='ltr'>..ῳ-ὴ..</span> <span class='ocrx_word' id='word_1_316' title='bbox 549 4339 577 4344; x_wconf 73' lang='grc'>..-</span> 
     </span>
    </p>
   </div>
   <div class='ocr_carea' id='block_1_7' title="bbox 358 4401 1439 4511">
    <p class='ocr_par' dir='ltr' id='par_1_7' title="bbox 358 4401 1439 4511">
     <span class='ocr_line' id='line_1_36' title="bbox 358 4401 1439 4511; baseline 0.006 -49"><span class='ocrx_word' id='word_1_317' title='bbox 358 4401 431 4476; x_wconf 85' lang='grc'>138)</span> <span class='ocrx_word' id='word_1_318' title='bbox 452 4407 510 4463; x_wconf 88' lang='lat' dir='ltr'>Non</span> <span class='ocrx_word' id='word_1_319' title='bbox 525 4407 677 4480; x_wconf 84' lang='lat' dir='ltr'>defuerunt,</span> <span class='ocrx_word' id='word_1_320' title='bbox 699 4408 753 4482; x_wconf 90' lang='lat' dir='ltr'>qui,</span> <span class='ocrx_word' id='word_1_321' title='bbox 776 4426 855 4481; x_wconf 89' lang='lat' dir='ltr'>quum</span> <span class='ocrx_word' id='word_1_322' title='bbox 869 4408 1032 4467; x_wconf 83' lang='lat' dir='ltr'>locutIonem</span> <span class='ocrx_word' id='word_1_323' title='bbox 1055 4414 1139 4500; x_wconf 52' lang='lat'>0⁸71]</span> <span class='ocrx_word' id='word_1_324' title='bbox 1163 4419 1241 4511; x_wconf 46' lang='lat' dir='ltr'>pp&amp;</span> <span class='ocrx_word' id='word_1_325' title='bbox 1263 4409 1298 4466; x_wconf 89' lang='lat' dir='ltr'>de</span> <span class='ocrx_word' id='word_1_326' title='bbox 1312 4417 1439 4468; x_wconf 87' lang='lat' dir='ltr'>mortuo·</span> 
     </span>
    </p>
   </div>
   <div class='ocr_carea' id='block_1_8' title="bbox 242 4543 1440 4709">
    <p class='ocr_par' dir='ltr' id='par_1_8' title="bbox 242 4543 1440 4709">
     <span class='ocr_line' id='line_1_37' title="bbox 263 4543 1440 4619; baseline 0.007 -22"><span class='ocrx_word' id='word_1_327' title='bbox 263 4558 325 4596; x_wconf 83' lang='lat' dir='ltr'>rum</span> <span class='ocrx_word' id='word_1_328' title='bbox 343 4544 483 4600; x_wconf 72' lang='lat' dir='ltr'>locatorum</span> <span class='ocrx_word' id='word_1_329' title='bbox 505 4543 572 4600; x_wconf 83' lang='lat' dir='ltr'>sede</span> <span class='ocrx_word' id='word_1_330' title='bbox 593 4544 838 4619; x_wconf 76' lang='lat' dir='ltr'>interpretarentur,</span> <span class='ocrx_word' id='word_1_331' title='bbox 859 4545 901 4602; x_wconf 83' lang='lat' dir='ltr'>his</span> <span class='ocrx_word' id='word_1_332' title='bbox 923 4545 1106 4618; x_wconf 85' lang='lat' dir='ltr'>slmilibusquc</span> <span class='ocrx_word' id='word_1_333' title='bbox 1127 4544 1195 4602; x_wconf 89' lang='lat' dir='ltr'>locis</span> <span class='ocrx_word' id='word_1_334' title='bbox 1210 4561 1286 4617; x_wconf 87' lang='lat' dir='ltr'>spem</span> <span class='ocrx_word' id='word_1_335' title='bbox 1299 4545 1440 4605; x_wconf 79' lang='lat' dir='ltr'>felicitatis</span> 
     </span>
     <span class='ocr_line' id='line_1_38' title="bbox 242 4630 1440 4709; baseline 0.013 -33"><span class='ocrx_word' id='word_1_336' title='bbox 242 4631 458 4697; x_wconf 79' lang='lat' dir='ltr'>postmortem</span> <span class='ocrx_word' id='word_1_337' title='bbox 486 4630 593 4692; x_wconf 79' lang='lat' dir='ltr'>loturae</span> <span class='ocrx_word' id='word_1_338' title='bbox 616 4649 776 4709; x_wconf 80' lang='lat' dir='ltr'>expressam</span> <span class='ocrx_word' id='word_1_339' title='bbox 800 4649 863 4691; x_wconf 85' lang='lat' dir='ltr'>csse</span> <span class='ocrx_word' id='word_1_340' title='bbox 890 4631 1096 4691; x_wconf 76' lang='lat' dir='ltr'>eruistimurent..</span> <span class='ocrx_word' id='word_1_341' title='bbox 1125 4632 1201 4698; x_wconf 67' lang='lat' dir='ltr'>Quue</span> <span class='ocrx_word' id='word_1_342' title='bbox 1218 4631 1351 4689; x_wconf 70' lang='lat' dir='ltr'>souteutm</span> <span class='ocrx_word' id='word_1_343' title='bbox 1378 4633 1440 4691; x_wconf 84' lang='lat' dir='ltr'>ovi-</span> 
     </span>
    </p>
   </div>
   <div class='ocr_carea' id='block_1_9' title="bbox 0 0 1580 5300">
    <p class='ocr_par' dir='ltr' id='par_1_9' title="bbox 0 0 1580 5300">
     <span class='ocr_line' id='line_1_39' title="bbox 0 0 1580 5300; baseline 0 0"><span class='ocrx_word' id='word_1_344' title='bbox 0 0 1580 5300; x_wconf 95' lang='lat' dir='ltr'> </span> 
     </span>
    </p>
   </div>
  </div>
 </body>
</html>
