3150 5300
767 517 816 589 61

198 722 301 784 rebus
329 723 429 801 loqui,
463 741 540 801 quae
575 723 715 783 absoluto
745 725 919 784 seculorum
946 723 1079 786 decursu
1107 726 1169 786 sint
1201 733 1376 787 eventurae.

198 824 357 885 Ceterum
384 844 424 885 ne
447 825 573 886 alterius
595 825 719 903 quidem
741 827 801 886 loei
823 827 977 887 sententia
997 827 1088 906 plane
1115 833 1214 902 certa,
1242 833 1377 887 attamen

199 927 270 987 veri
294 931 345 989 est
366 928 474 1000 simile,
497 946 535 988 eo
557 928 686 988 indicari
708 929 783 989 hoc:
806 929 926 989 Hadem
947 930 1141 992 deiecturum
1162 950 1232 990 esse
1254 931 1378 1005 (ἀπολει-

200 1036 337 1105 πεσθαι),
357 1030 402 1089 ita
428 1036 469 1089 ut
498 1031 639 1090 mortui
666 1031 702 1090 in
731 1051 774 1091 eo
802 1032 949 1091 inclusi
971 1033 1222 1107 reviviscant,
1251 1051 1376 1110 eosque,

202 1138 370 1213 postquam
399 1152 437 1193 ex
457 1132 546 1193 Hade
568 1133 706 1193 suscitati
728 1140 815 1208 sunt,
846 1136 1015 1207 εὐδαίμονας
1037 1137 1152 1193 ἔσεσθαι
1174 1140 1234 1194 etc.
1255 1167 1297 1178 —
1325 1134 1376 1193 Sic

203 1236 305 1296 oritur
333 1235 403 1309 illa,
438 1255 528 1313 quarn
556 1255 648 1314 supra
674 1235 871 1315 protulimus,
900 1237 1067 1311 seutentia3
1102 1238 1248 1314 qualem
1276 1242 1377 1297 autem

207 1343 396 1398 mortuorum
428 1338 687 1398 resurrectionem
723 1340 804 1418 magi
835 1339 1082 1414 informaverint,
1118 1359 1155 1400 ex
1183 1339 1378 1419 Theopompi

208 1440 308 1501 verbis
338 1440 484 1519 cognosci
516 1459 577 1499 non
605 1446 720 1520 potest.
747 1474 791 1485 -
823 1442 951 1501 Minime
984 1462 1057 1502 vero
1086 1442 1268 1521 negligenda
1295 1445 1376 1515 sunt,

204 1562 284 1623 quae
306 1543 527 1622 Theopompus
549 1544 696 1622 deinceps
724 1543 815 1618 dicit,
845 1546 957 1623 quippe
980 1565 1057 1623 quae
1080 1544 1226 1618 doceant,
1256 1544 1376 1606 nniver-

205 1664 272 1707 sam
294 1645 455 1725 Magorum
484 1645 524 1704 de
546 1665 620 1705 aevo
646 1646 750 1706 futuro
778 1648 963 1707 seutentiam
990 1647 1153 1726 plurimum
1182 1647 1308 1709 differre
1336 1649 1375 1708 ab

203 1748 259 1823 iis,
295 1768 374 1827 quae
401 1746 472 1809 vet.
501 1747 735 1808 Testamentum
762 1747 802 1810 de
832 1750 955 1809 civitate
982 1750 1039 1809 Dei
1071 1755 1198 1810 ventura
1225 1751 1376 1810 statuerit.

204 1851 379 1924 uicerim,
403 1851 542 1910 absoluta
564 1851 738 1911 seculorum
760 1852 959 1911 conversione
987 1850 1084 1911 Deum
1105 1850 1292 1932 aliquamdiu
1315 1871 1378 1912 esre

206 1953 383 2034 praeberunt.
427 1953 567 2013 Imitatur
594 1953 715 2014 scilicet
743 1954 854 2029 solem,
883 1954 934 2031 qni
955 1960 1097 2031 tempore
1118 1955 1262 2029 brumali,
1291 1960 1375 2016 ante·

206 2075 297 2135 qnam
320 2054 361 2115 de
382 2054 504 2135 integro
528 2056 674 2134 assurgit,
703 2055 837 2117 dormire
858 2055 987 2116 videtur.
1031 2055 1078 2115 Ex
1105 2075 1164 2133 quo
1186 2056 1375 2135 intelligitur,

205 2157 308 2233 illam,
337 2176 427 2236 quam
453 2161 577 2219 veteres
599 2158 684 2238 Magi
712 2159 949 2237 exspectabant,
971 2178 1073 2219 rerum
1097 2158 1230 2218 omnium
1251 2159 1375 2219 restitu-

205 2261 324 2321 tionem
346 2261 389 2319 nil
411 2279 481 2320 esse
503 2261 562 2320 nisi
590 2262 675 2322 novi
704 2263 925 2321 seculorum
955 2261 1116 2335 ordinis,
1144 2266 1375 2341 antegresso

206 2362 503 2443 respondentis,
528 2361 724 2424 exordium
748 2361 818 2440 ¹²⁰).
848 2362 954 2443 Longe
977 2364 1066 2422 aliam
1088 2381 1158 2424 esse
1180 2364 1272 2436 illius,
1295 2363 1376 2441 quod

206 2466 379 2546 prophetae
407 2471 534 2539 canunt,
562 2466 658 2526 futuri
680 2466 746 2525 aevi
767 2466 934 2539 rationem,
963 2485 1053 2527 nemo
1080 2471 1144 2540 est,
1172 2466 1224 2544 qui
1245 2466 1374 2546 ignoret.

208 2567 289 2629 Sane
317 2568 370 2627 illa
397 2568 550 2627 sententia
583 2567 623 2628 de
652 2568 775 2627 numine
804 2567 972 2628 dormituro
1004 2573 1131 2647 cognata
1158 2573 1207 2628 est
1232 2568 1375 2629 ludorum

208 2671 367 2733 doctrinae
393 2671 433 2731 de
460 2690 567 2731 somno
589 2672 749 2733 Brahmae.
794 2672 828 2730 ld
854 2672 954 2751 ipsum
980 2691 1053 2731 vero
1082 2671 1219 2731 indicare
1244 2671 1374 2745 videtur,
1453 2738 1456 2743 ¹

207 2774 443 2854 Theopompum
476 2775 740 2853 perantiquam
773 2779 807 2836 et
834 2775 1036 2854 genuinam
1064 2775 1225 2853 Magorum
1252 2781 1374 2835 senten-

206 2877 281 2936 tiam
302 2875 447 2936 retulisse
469 2872 538 2949 ¹²¹).
582 2876 678 2937 lmmo
699 2885 796 2950 vero,
821 2896 898 2955 quae
920 2877 1109 2955 posteriores
1131 2876 1245 2937 Persae
1266 2876 1306 2937 de
1327 2876 1375 2937 l'u·

206 2983 277 3040 turo
299 2996 373 3038 aevo
385 2978 477 3038 beato
492 2983 674 3053 statuerunt,
696 2979 916 3058 prophetarum
931 2979 1196 3038 vaticinationibus
1211 2978 1374 3053 simillima,

208 3101 245 3141 ea
277 3080 463 3141 crediderim
498 3100 558 3141 non
592 3100 631 3140 eu
663 3081 791 3140 vetustis
826 3081 986 3161 Magorum
1019 3081 1106 3141 libris
1140 3081 1280 3154 fluxisse,
1318 3079 1375 3141 sed

209 3202 246 3243 er
285 3182 352 3242 aliis
384 3182 538 3258 fontibus,
588 3182 709 3244 scilicet
746 3203 783 3243 ex
816 3183 884 3262 ipso
919 3182 992 3244 vet.
1027 3182 1228 3244 Testamento
1265 3182 1375 3242 hausta

209 3284 304 3346 inisse
327 3280 389 3361 ¹²²„

212 3457 362 3466 *-
377 3459 390 3464 -
399 3458 492 3464 ——---⁴
503 3458 510 3463 -

207 3576 333 3654 ἄναβιὲν,
356 3580 429 3652 quod
443 3581 629 3652 Theopompus
644 3578 788 3652 usurpavit,
812 3578 877 3634 satis
892 3579 1030 3634 commode
1050 3579 1083 3634 ad
1099 3579 1294 3652 exprimendam
1307 3581 1374 3636 hanc

208 3667 367 3723 seutentiam
388 3664 509 3721 adhiberi
530 3666 665 3737 posuisse.

294 3779 367 3857 120)
389 3784 456 3840 Male
471 3785 541 3839 hunc
555 3784 644 3839 locum
657 3782 846 3856 interpretatus
862 3788 905 3837 cst
918 3782 1078 3853 lllcuher,
1101 3785 1170 3840 Aah.
1186 3801 1245 3840 zum
1259 3784 1372 3840 Zendav.

207 3868 241 3938 ll,
265 3863 295 3923 3.
317 3884 345 3938 p.
368 3863 416 3924 81.
441 3865 492 3925 86.
517 3899 556 3908 -
585 3870 692 3923 Bnehr
712 3875 787 3924 recte
810 3885 869 3922 eum
891 3867 926 3922 ita
948 3867 1042 3923 vertit:
1086 3863 1178 3934 „Der
1202 3862 1274 3925 Gott
1294 3864 1373 3934 uber,

206 3948 263 4010 der
284 3947 384 4008 dieser
404 3948 531 4019 bewiulct,
553 3947 670 4008 verdc'tlt
688 3948 753 4009 u'cb
775 3949 840 4007 eine
859 3967 998 4028 perauma
1021 3948 1091 4008 zen
1110 3949 1212 4029 rubip,
1241 3969 1303 4008 was
1320 3952 1375 4030 fiir

209 4036 293 4094 aiom
305 4029 394 4094 Gon
411 4033 488 4093 wohl
506 4032 593 4094 uicdt
611 4032 713 4113 lunge,
735 4033 866 4093 scudem
887 4035 919 4092 iu
939 4032 1085 4113 pleichem
1105 4033 1226 4094 Maurae
1246 4036 1300 4094 mit
1319 4035 1375 4094 der

209 4116 371 4203 Scblcszeit
390 4118 470 4178 ciues
490 4117 651 4179 Mausoleo
673 4121 740 4179 ist.“

297 4235 372 4313 121)
394 4241 481 4298 Aliter
497 4244 600 4315 judicat
621 4243 723 4299 Stuhr
743 4243 762 4298 l.
786 4259 811 4298 e.
833 4260 860 4315 p.
884 4237 956 4298 362.

294 4355 368 4434 122)
397 4361 456 4417 lam
479 4378 524 4432 ea,
553 4379 620 4434 qnae
640 4361 841 4419 Plutarchus
868 4362 887 4417 l.
911 4378 934 4416 c.
958 4359 1034 4432 ipse
1055 4359 1139 4416 relert
1161 4359 1254 4432 (,,τῆς
1274 4359 1302 4416 δὲ
1324 4362 1375 4430 γῆς

206 4443 319 4502 turaldo
341 4444 390 4500 rud
412 4443 518 4516 ὁμαλῆς
538 4447 702 4517 γενομένης,
732 4447 795 4503 ἕνα
820 4449 899 4518 βίον
927 4446 983 4500 uui
1007 4449 1090 4514 plau
1111 4447 1299 4501 πολιτείαν
1321 4441 1374 4500 οἷν·

206 4530 357 4598 operar
379 4535 562 4602 μακαρίων
583 4533 642 4588 uui
666 4528 892 4602 ὁμογλώσσων
914 4525 1080 4586 ἁπάντων
1101 4528 1319 4599 γενέσθαι“),
1341 4532 1374 4588 ab

207 4615 313 4688 antiqua
334 4617 473 4689 Magorum
496 4616 530 4673 de
551 4633 619 4675 aevo
642 4618 730 4676 futuro
753 4616 887 4678 sententia
906 4616 1024 4676 tortasse
1043 4616 1135 4673 aliena
1151 4621 1227 4671 sunt.
1251 4645 1296 4658 -
1315 4617 1383 4670 *te-
