3150 5300
758 510 810 587 36

203 719 244 784 ds
265 719 357 782 animi
378 716 606 780 immortalitate
633 715 787 776 sententia
809 714 977 777 Mosaicem
1006 733 1184 798 superasse,
1210 714 1242 777 id
1262 716 1370 798 paucis

203 821 378 886 confutabo.
399 854 442 869 -
469 819 582 879 Mirum
604 818 727 878 omniuo
750 824 814 893 est,
843 824 986 899 quantum
1008 819 1111 879 verbis
1132 818 1285 880 Herodoti
1311 818 1369 898 (ll,

204 919 280 1002 193)
303 925 420 998 „upoiros
431 955 473 967 -
489 922 632 994 Αἰγύπτιοί
651 926 704 980 εἰσι
720 925 748 981 oi
766 924 901 995 eluderes,
924 923 960 986 <bs
979 921 1113 994 ἀνθρώπε
1132 922 1207 995 ψυχὴ
1226 920 1371 987 ἀθάνατός

203 1029 283 1090 ἐστι’·
304 1059 346 1073 -··
368 1023 412 1083 illi
433 1021 612 1096 tribuerint,
640 1043 731 1102 quum
754 1023 822 1103 ipse
844 1022 1020 1084 Herodotus
1042 1024 1097 1098 iis,
1130 1043 1207 1102 quae
1229 1024 1370 1103 proxime

203 1131 378 1208 acuuntur,
400 1123 548 1200 declsret,
571 1125 610 1185 de
633 1126 714 1203 quali
735 1127 829 1186 animi
850 1126 1079 1187 immortalitate
1102 1126 1290 1206 cogitaverit.
1334 1125 1372 1186 Si

202 1245 332 1292 nomen
353 1227 589 1287 immortalitatis
610 1232 776 1301 sectantur,
799 1234 885 1288 certe
901 1227 1010 1288 eodem
1020 1229 1092 1308 jure
1106 1228 1265 1289 laudarent
1279 1228 1370 1288 Pau-

200 1329 344 1396 uniam
366 1329 521 1389 dicentem
549 1327 679 1407 (Graec.
703 1327 803 1392 deser.
825 1327 878 1403 lV,
901 1323 979 1408 32):
1016 1332 1092 1403 „tyb
1112 1332 1141 1389 δὲ
1163 1335 1301 1395 Χαλδαίες
1322 1333 1372 1389 καὶ

198 1431 295 1496 'iudeis
319 1438 366 1512 sis
392 1429 480 1505 psiyoe
506 1429 613 1505 nocitus
639 1430 703 1491 eido
731 1429 876 1506 εἰπόντας,
904 1432 939 1496 ὡς
964 1430 1108 1497 ἀθάνατὸς
1134 1434 1207 1491 ἔστιν
1233 1432 1373 1503 isdemne

200 1534 307 1609 posp'fl
350 1533 414 1593 Sed
435 1533 475 1593 de
496 1553 532 1595 re
554 1533 662 1614 egitur,
685 1553 745 1594 non
768 1534 808 1594 de
830 1535 963 1594 nomine.
999 1535 1065 1595 Jam
1087 1554 1160 1596 vero
1183 1535 1210 1595 si.
1231 1534 1372 1613 quaesie-

199 1635 254 1713 ris,
276 1637 395 1716 quslem
417 1636 562 1716 Aegyptii
584 1636 713 1696 animam
736 1637 898 1697 humanam
920 1638 1105 1717 cogitatione
1127 1637 1371 1713 informaverint,

200 1737 431 1801 concedendum
452 1737 576 1815 quidem
599 1742 662 1812 est,
692 1756 746 1797 eos
768 1739 1042 1817 praestantiorem,
1066 1759 1155 1818 quam
1178 1739 1283 1813 indos,
1307 1740 1372 1799 oni-

200 1858 269 1904 mse
291 1839 449 1900 notionem
469 1839 626 1914 habuisse,
649 1860 740 1920 quum
763 1841 921 1916 docerent,
943 1847 979 1901 ut
993 1840 1229 1903 Tertulliani
1251 1840 1305 1921 (de
1322 1861 1372 1903 an.

201 1941 237 2004 0.
258 1937 326 2020 33.)
347 1940 450 2002 verbis
471 1946 549 2016 utar,
572 1943 723 2017 „oninium
744 1942 911 2022 diyressom
932 1964 952 2003 a
974 1962 1101 2022 corpore
1120 1962 1180 2003 non
1200 1943 1324 2022 restandi
1338 1944 1373 2002 in

201 2045 331 2106 menam
351 2044 491 2116 universi,
512 2043 569 2103 sed
587 2063 708 2103 monere
726 2044 973 2105 desereretnasam‘
985 2042 1036 2123 ⁷²).
1071 2046 1113 2107 At
1133 2044 1245 2105 iisdem
1266 2045 1372 2124 opinio

201 2145 271 2222 fuit,
298 2146 431 2205 bominis
454 2145 598 2220 enimam,
630 2146 690 2205 nisi
710 2153 782 2227 post
804 2153 936 2217 mortem
965 2167 1074 2208 arcana
1101 2147 1229 2226 quadem
1250 2148 1372 2208 ratione

201 2268 270 2311 oum
293 2266 423 2326 corpore
445 2248 608 2327 conjuncta
628 2254 764 2325 maneat,
793 2249 960 2308 solitariam
989 2248 1156 2330 perdurare
1183 2268 1244 2308 non
1265 2268 1371 2328 posse,

201 2351 258 2414 sed
280 2350 429 2410 dissoluto
452 2367 581 2429 corpore
603 2349 633 2409 in
656 2351 738 2411 eliud
761 2351 870 2411 animal
893 2352 1033 2411 transire.
1071 2350 1155 2428 (Vid.
1178 2356 1280 2411 annot.
1302 2348 1371 2431 59.)

201 2453 276 2532 Quis
298 2453 391 2532 igitur
412 2472 472 2513 non
493 2452 593 2528 videt,
622 2472 660 2514 ex
681 2453 903 2533 Aegpptiorum
930 2453 1084 2513 sententia
1111 2453 1242 2514 animum
1263 2454 1371 2514 huma·

200 2573 273 2617 num
293 2573 355 2615 non
377 2554 540 2636 suijuris,
568 2555 626 2617 sed
646 2556 768 2636 corpori
795 2556 970 2637 subjectum
997 2574 1068 2618 esse
1089 2553 1140 2636 ⁷²).
1183 2556 1289 2636 Longe
1311 2558 1372 2620 alia

199 2711 504 2720 ——--———----.

286 2794 338 2872 72)
353 2798 433 2867 Quasi
444 2797 608 2873 praeteriens
620 2799 712 2874 paucis
724 2816 862 2874 exponam,
874 2802 1047 2858 vehementer
1057 2818 1106 2858 eos
1121 2817 1218 2872 errare,
1233 2802 1277 2875 qui
1288 2804 1371 2862 ludos

200 2881 269 2961 (vid.
292 2885 434 2959 praecipue
455 2885 556 2942 Maoois
576 2886 666 2958 legum
688 2884 744 2941 Lib.
766 2885 824 2941 llll.
849 2885 884 2940 of.
905 2886 1086 2943 llumboldt
1106 2887 1173 2942 iiber
1194 2887 1238 2943 die
1260 2889 1371 2961 Bhigs-

200 2971 338 3042 uad-gito
360 2987 387 3043 p.
411 2965 452 3027 39
468 2970 539 3044 sqq.)
562 2977 590 3026 et
610 2969 761 3042 Aegyptios
783 2970 818 3025 de
840 2970 920 3026 rebus
941 2978 1137 3043 postmortem
1159 2972 1253 3028 futuris
1276 2976 1371 3031 eadem

201 3055 260 3111 fere
287 3054 406 3111 sensisse
433 3062 535 3128 putant.
579 3055 694 3111 Externa
723 3054 791 3110 enim
814 3062 856 3111 est
883 3055 1042 3127 similitudo,
1071 3056 1219 3112 differentia
1246 3058 1368 3114 maxima.

200 3140 242 3197 Ex
262 3139 386 3196 Indorum
406 3138 533 3213 opinione
554 3140 607 3197 hoe
629 3145 672 3195 est
691 3139 858 3211 propositum
880 3140 982 3210 animis,
1005 3147 1034 3195 ut
1054 3147 1189 3213 postremo
1210 3141 1237 3195 in
1251 3141 1370 3196 uniuersi

200 3224 281 3282 uitam
302 3224 482 3294 refundantur,
505 3223 549 3297 qui
571 3230 614 3279 est
634 3226 775 3278 animorum
798 3213 973 3294 migrationis
985 3223 1054 3293 linis,
1078 3223 1130 3277 nisi
1140 3223 1193 3292 jam
1209 3223 1235 3276 in
1249 3225 1299 3276 hae
1313 3223 1369 3278 vita

201 3309 347 3366 devotione
368 3308 412 3382 pio
434 3307 540 3383 (pope)
562 3307 627 3363 illud
649 3313 787 3362 assecutae
810 3306 877 3361 sint:
900 3306 1030 3378 Aegyptii
1052 3313 1144 3362 eontra
1160 3306 1316 3376 docuerunt,
1339 3314 1370 3364 ut

201 3394 376 3451 Tertullianus
397 3398 471 3449 recte
494 3390 569 3461 dicit,
592 3393 690 3446 animas
712 3408 727 3446 a
750 3407 863 3464 corpore
885 3391 1022 3464 digressas
1044 3391 1230 3448 determinatas
1252 3408 1369 3463 manere,

202 3495 283 3553 quare
309 3484 373 3551 post
399 3476 497 3532 linitam
524 3472 688 3545 περιήλυὸιν
715 3477 743 3532 iu
765 3492 862 3549 eorpus
889 3477 1029 3532 humanum
1053 3477 1167 3533 redeunt
1196 3476 1310 3548 (Herod.
1333 3478 1369 3549 ll,

202 3559 286 3637 123).
318 3561 395 3631 Quod
417 3560 518 3616 animae
539 3568 733 3634 postmortem
756 3563 782 3618 in
805 3561 875 3620 Orco
897 3557 1051 3634 (Nairoeo)
1073 3569 1221 3631 versantur,
1244 3562 1370 3619 ludorum

201 3648 333 3707 sententis
355 3653 398 3702 est
417 3662 477 3702 sors
498 3645 605 3718 infelix,
628 3666 687 3704 nam
710 3647 859 3704 cruciantur
881 3654 909 3704 et
929 3655 1088 3720 purgantur,
1112 3655 1141 3703 ot
1161 3648 1186 3702 in
1209 3647 1280 3702 aliud
1302 3665 1369 3703 cor-

201 3751 251 3809 pus
272 3733 386 3805 migrare
407 3730 526 3803 possint,
555 3750 605 3788 nec
627 3751 659 3789 eo
681 3733 801 3805 quidem,
825 3750 875 3806 quo
896 3733 960 3788 boui
982 3733 1104 3789 homiues
1125 3732 1152 3788 iu
1173 3732 1266 3787 lndrae
1290 3735 1369 3790 coelo

202 3813 347 3893 (Scorpo)
369 3814 497 3887 fruuntur,
519 3817 637 3895 felicitas
658 3819 817 3892 sempiterna
840 3825 890 3874 est.
920 3817 961 3873 Ex
984 3817 1115 3874 contrario
1137 3817 1267 3889 Aegyptii
1289 3819 1370 3888 quie-

200 3910 256 3960 tem
276 3900 304 3958 in
325 3901 456 3959 Amentbo
477 3909 577 3959 sortem
599 3903 777 3960 felicissimam
798 3919 860 3960 esse
875 3903 1068 3974 existimabant,
1086 3901 1167 3972 justis
1182 3903 1267 3958 solun
1281 3920 1370 3958 even-

201 3990 345 4056 turonici,
368 3986 392 4042 si
414 4002 511 4059 corpus
533 3997 718 4045 conservatum
741 3997 829 4059 esset,
852 3989 1046 4061 sempiternam.
1090 3988 1181 4059 ltaque
1203 3994 1232 4043 ut
1254 4004 1370 4044 conser-

201 4079 325 4130 varentur
346 4078 507 4129 mortuorum
530 4090 651 4147 corpora,
674 4091 791 4130 summae
814 4080 871 4129 erat
892 4090 971 4129 curae
992 4072 1147 4145 Aegyptiis,
1170 4072 1293 4145 quoniam
1316 4074 1370 4129 de-

201 4156 264 4215 letis
286 4157 442 4229 corporibus
464 4159 561 4214 animas
583 4158 610 4214 iu
632 4160 764 4215 Amentbe
785 4175 939 4232 permanere
961 4174 1014 4214 uon
1036 4173 1118 4230 posse
1139 4173 1294 4229 persuasum
1316 4159 1370 4213 ba-

201 4242 315 4312 bebout3
337 4258 372 4298 ex
394 4243 537 4314 contrario,
560 4250 590 4299 ut
610 4244 773 4317 dissipentur
795 4260 922 4316 corpora,
944 4243 1001 4299 vult
1022 4242 1108 4299 omnis
1128 4242 1252 4300 ludorum
1273 4245 1370 4316 sepul-

202 4335 269 4399 tum,
292 4328 480 4400 qualiscunque
502 4328 528 4384 in
550 4328 664 4384 diversis
687 4328 770 4386 sectis
792 4327 916 4384 obtinuit.

287 4441 340 4520 73)
362 4446 424 4502 Vid.
446 4446 572 4517 Vatke,
594 4447 680 4519 Relig.
705 4447 754 4502 des
775 4448 810 4502 A.
833 4448 862 4500 T.
885 4462 912 4518 p.
936 4440 997 4501 695
1013 4462 1054 4518 sq.
1077 4440 1251 4512 „Hiemsacb
1266 4442 1372 4515 iridis

202 4527 399 4589 mmmcbliebe
419 4526 504 4588 Seele
529 4526 709 4606 ketneaweqa
736 4525 782 4586 ola
808 4525 874 4586 oieb
896 4525 1066 4588 erboltende
1086 4525 1295 4610 Subjeets'cititt
1310 4546 1372 4609 pe-

202 4612 304 4684 dacbl,
326 4613 455 4675 condem
477 4611 521 4674 als
541 4610 708 4705 netimliebe
728 4609 836 4673 Seele“
859 4623 911 4674 etc.
