3150 5300
286 1353 370 1429 Quae
392 1370 431 1412 ex
452 1346 524 1411 Vet.
546 1346 740 1410 Testamenti
767 1346 908 1434 doctrino
934 1346 979 1409 dc
1007 1347 1158 1410 bomine
1185 1348 1246 1410 buc
1274 1347 1368 1429 perti·

199 1459 285 1532 nent,
306 1455 386 1515 baec
406 1452 475 1514 fere
497 1457 569 1513 sunt
586 1448 640 1531 ²⁴).

286 1554 321 1634 1)
347 1556 395 1617 Ex
416 1553 534 1615 duobus
560 1552 719 1634 principiis
747 1552 881 1613 omnium
909 1552 1120 1627 animantium,
1149 1556 1182 1614 et
1208 1551 1365 1613 bominum

201 1664 236 1720 et
256 1658 423 1720 bestiarum
445 1661 552 1717 natura
574 1661 679 1715 coorta
701 1659 759 1729 est,
783 1673 822 1715 ex
843 1653 945 1714 divino
967 1654 1087 1716 scilicet
1107 1654 1217 1733 spiritu
1230 1654 1315 1713 vitali
1337 1659 1369 1714 et
1388 1637 1392 1646 ’

200 1780 240 1823 ex
260 1766 385 1821 terrena
405 1758 542 1820 materia.
572 1756 634 1817 Ubi
656 1757 781 1836 spiritus
803 1757 856 1817 ille
877 1758 909 1817 in
931 1757 1043 1817 mundo
1058 1756 1182 1837 prodiit,
1204 1756 1369 1817 animantia

200 1863 355 1938 oriuntur,
384 1860 523 1943 ejusdem
550 1860 579 1919 vi
606 1860 712 1939 quovis
740 1860 889 1939 temporis
916 1866 1029 1940 puncto
1054 1860 1258 1935 sustinentur,
1286 1858 1369 1919 idem

198 1966 253 2027 ubi
274 1964 423 2040 recessit,
450 1962 620 2024 exanimata
642 1980 804 2042 corporum
832 1981 995 2043 compages
1022 1962 1198 2023 dissolvitur
1227 1966 1260 2023 et
1281 1960 1368 2021 cada-

198 2087 273 2131 vera
299 2068 331 2128 in
359 2067 518 2147 pulverem
545 2063 686 2126 redeunt.
731 2060 1103 2143 viu.1’s'.104,80sq.
1137 2059 1213 2138 146,
1234 2059 1266 2123 4.
1299 2061 1369 2123 Job.

200 2165 255 2244 34,
278 2166 320 2229 13
334 2188 380 2248 sq.
403 2172 435 2228 et
456 2168 494 2228 al.
519 2201 556 2211 —
579 2166 628 2226 Ex
648 2166 797 2228 bis-locis
818 2167 1014 2247 perspicuum
1035 2167 1086 2241 tlt,
1115 2176 1194 2242 tvm
1222 2165 1267 2226 nil
1287 2163 1370 2225 aliud

202 2288 274 2333 esse
295 2270 354 2330 nisi
374 2270 523 2330 inclusam
544 2268 577 2328 in
599 2287 729 2348 corpore
752 2268 878 2349 spiritus
899 2268 1002 2344 divini,
1024 2274 1059 2329 ut
1079 2269 1123 2329 ita
1144 2268 1253 2339 dicam,
1275 2267 1368 2347 parti-

201 2374 301 2435 culam
318 2370 372 2447 21).
414 2370 463 2433 Ne
491 2377 596 2433 mmen
623 2391 692 2432 eam
718 2372 904 2432 sententiam
931 2370 970 2432 ad
990 2371 1190 2432 Emanatismi
1216 2370 1265 2431 vel
1291 2369 1369 2430 Pan-

199 2477 337 2551 tbeismi,
360 2494 436 2556 quos
457 2474 573 2550 dicunt,
596 2474 755 2554 opiniones
770 2492 908 2550 revoces,
929 2474 1111 2555 prohibetur
1125 2493 1216 2553 quum
1230 2472 1370 2533 universa

201 2578 275 2639 Vet.
298 2578 491 2639 Testamenti
512 2576 653 2638 doctrina
673 2576 713 2639 de
734 2577 855 2638 ratione
875 2577 958 2639 inter
979 2576 1077 2637 Deum
1104 2581 1136 2636 et
1157 2574 1302 2635 mundum
1322 2574 1368 2635 in-

200 2681 386 2757 tercedenti,
409 2687 474 2742 tum
495 2681 573 2742 locis
595 2680 686 2742 Sacb.
710 2677 762 2756 12,
786 2676 815 2741 l.
839 2682 979 2788 (ῃηρῃ
1004 2690 1083 2755 [ΠΝ
1107 2695 1168 2758 m]
1192 2678 1283 2758 w),
1305 2676 1368 2740 Jes.

199 2780 253 2860 42,
275 2781 306 2845 5.
327 2783 396 2845 Job.
417 2779 471 2859 33,
491 2780 523 2844 4.
546 2789 579 2845 et
600 2783 760 2844 similibus.
797 2784 880 2845 Deus
903 2783 985 2844 enim
1007 2801 1067 2843 non
1088 2781 1275 2844 necessitate
1297 2800 1368 2860 qua·

201 2886 270 2947 dam
293 2886 417 2964 (luctus,
440 2885 497 2947 sed
517 2887 617 2947 libero
637 2891 708 2947 actu
730 2885 770 2947 (le
792 2886 903 2966 spiritu
929 2904 984 2945 suo
1007 2883 1224 2959 communicat,
1251 2887 1285 2945 et
1306 2882 1368 2943 ani·

201 2988 316 3048 mantia
335 2988 380 3047 ita
400 2993 487 3048 creat
507 3007 543 3048 sc
565 2993 733 3064 sustentat,
759 2994 795 3049 ut
821 3007 908 3050 suam
934 2987 1104 3067 propriam,
1132 2986 1170 3046 ab
1198 3004 1250 3062 ea,
1278 3005 1369 3064 quam

201 3092 270 3170 ipse
297 3091 383 3164 vivit,
410 3088 586 3150 distinctam
613 3090 705 3150 vitam
732 3090 876 3152 babeant.
922 3090 1129 3168 Quamobrem
1151 3088 1277 3167 spiritus
1298 3088 1367 3163 Dei,

200 3212 261 3273 quo
283 3193 424 3255 homines
445 3199 479 3254 et
500 3193 620 3254 bestiae
642 3193 822 3271 animantur,
844 3200 931 3254 recte
953 3193 1046 3254 etiam
1060 3193 1196 3272 ipsorum
1210 3191 1368 3252 bominum

201 3302 235 3358 et
255 3296 423 3356 bestiarum
444 3296 569 3375 spiritus
591 3295 704 3356 dicitur
730 3295 803 3376 (Ρο.
827 3292 900 3372 lot,
922 3290 965 3357 29
988 3296 1057 3357 coll.
1080 3291 1149 3370 30,
1170 3292 1239 3354 Job.
1261 3289 1313 3369 27,
1335 3289 1366 3354 3.

203 3392 531 3475 mmmmm

285 3615 338 3693 24)
367 3622 500 3677 Accurate
528 3623 595 3678 banc
624 3623 806 3695 quaestionem
834 3621 957 3680 mactavit
981 3621 1007 3678 J.
1030 3622 1060 3678 Τ.
1082 3620 1171 3678 beck
1198 3620 1225 3677 in
1253 3620 1365 3695 egregio

199 3710 269 3765 libro
296 3702 410 3764 Umriss
432 3702 489 3763 der
510 3701 578 3763 bibl.
600 3702 786 3764 Seelerdebre
809 3702 902 3764 1834.
924 3738 967 3750 -
993 3707 1105 3781 Insuper
1125 3706 1303 3763 conferendus
1325 3715 1367 3765 est

200 3792 378 3849 llolmanni
411 3792 482 3848 liber
508 3787 707 3868 Weissaqunq
728 3810 758 3849 u.
780 3787 943 3868 Erfiillunp
964 3799 984 3849 t.
1009 3787 1037 3848 1.
1060 3809 1087 3865 p.
1112 3785 1152 3848 17
1167 3809 1225 3864 sqq.
1270 3792 1366 3850 Contra

200 3884 338 3949 utrumque
365 3877 509 3950 disputavit
536 3878 732 3950 belitasob,
759 3874 812 3935 die
832 3872 901 3935 titt.
919 3871 1059 3953 prophet.
1084 3870 1242 3952 Theolopie
1273 3873 1364 3934 18411.

199 3982 227 4037 p.
253 3958 314 4019 187
329 3978 388 4035 sqq.

285 4078 337 4154 25)
359 4082 436 4138 Nullo
457 4081 538 4139 modo
560 4080 683 4138 assentiri
704 4099 814 4154 possum
835 4080 879 4153 iis,
903 4081 947 4154 qui
969 4079 1016 4154 (ci.
1040 4097 1064 4136 c.
1088 4098 1117 4153 g.
1138 4080 1164 4137 J.
1187 4080 1216 4137 F.
1239 4081 1364 4154 bieyer,

202 4160 313 4222 christi.
338 4158 507 4222 Glcobenol.
528 4184 556 4240 p.
581 4161 658 4241 134)
687 4168 752 4223 Gen.
775 4163 805 4238 2,
829 4163 858 4223 7.
888 4167 1042 4239 similesque
1068 4165 1146 4222 locos
1173 4165 1210 4223 ita
1230 4167 1364 4241 interpre-

200 4257 299 4321 tantur,
320 4257 350 4305 ut
370 4251 489 4322 spiritum
511 4251 626 4307 divinum
641 4268 694 4308 non
707 4251 792 4325 ipsius
807 4253 907 4310 animae
922 4251 1103 4320 substantiam,
1126 4251 1175 4306 sed
1190 4253 1290 4310 animae
1304 4259 1364 4308 ante

200 4344 308 4394 creatae
330 4334 445 4391 additum
467 4352 528 4392 esse
550 4337 638 4395 dicant
658 4335 749 4413 (quam
770 4339 927 4395 sententiam
945 4339 999 4410 jam
1022 4336 1236 4409 Augustinus
1258 4337 1314 4394 (liv.
1331 4338 1363 4394 D.

198 4423 270 4492 11111,
293 4416 344 4477 24.
368 4419 535 4495 confutavit).

284 4536 338 4615 26)
360 4539 443 4596 bliror
462 4539 675 4598 Delitzsohii
696 4540 854 4598 sententiam
875 4541 893 4597 l.
918 4559 941 4596 c.
964 4559 991 4613 p.
1017 4535 1091 4596 189:
1115 4530 1250 4609 „Gewiso
1270 4536 1310 4596 ist
1323 4556 1363 4612 es,

199 4621 272 4683 dass
300 4622 351 4682 die
371 4619 491 4702 Sobrift
513 4621 610 4684 0101ιὴ
636 4623 722 4684 weiss
747 4640 806 4683 oon
833 4622 928 4683 ciuem
948 4619 1104 4702 Einpeben
1131 4619 1186 4682 deo
1216 4617 1362 4683 Gciates
