3150 5300
701 508 824 590 29.

224 715 434 779 Nihilominus
456 714 527 777 Vet.
551 715 784 776 Testamentum
811 715 945 776 fortasse
971 733 1032 774 non
1053 716 1143 795 plane
1165 715 1312 776 abhorret
1367 738 1372 747 ·

137 822 175 882 ab
198 821 261 881 huc
283 819 447 894 sententia,
472 818 590 879 animae
613 818 692 897 apud
713 818 831 879 inferos
853 818 987 877 versanti
1009 822 1094 878 certe
1117 822 1243 878 eatenus
1265 837 1311 877 ar-

139 943 252 984 canum
281 922 433 1001 quoddam
461 922 678 982 commercium
707 941 776 981 cum
805 940 934 1000 corpore
962 940 1047 995 esse,
1080 926 1114 980 ut
1140 905 1316 999 putredinis'

142 1027 211 1106 ejus
235 1025 366 1103 aliquem
388 1043 511 1085 sensum
534 1025 656 1083 habeat.
701 1024 845 1083 Forsitan
872 1024 933 1083 huc
962 1023 1148 1102 spectaverit
1169 1022 1236 1082 Job.
1261 1016 1311 1096 14,

142 1125 208 1202 22„
237 1128 292 1188 ubi
320 1127 414 1187 verba
443 1137 537 1200 233³
561 1106 642 1207 1159
666 1140 763 1203 nm]
791 1126 873 1185 haud
901 1126 994 1185 dubie
1022 1145 1082 1184 non
1109 1125 1147 1184 ad
1176 1123 1312 1202 corporis

142 1231 286 1291 umbram
308 1234 378 1288 sunt
398 1227 578 1301 reserenda,
607 1247 665 1305 qua
688 1226 758 1288 Vet.
782 1227 1015 1288 Testamentum
1042 1227 1156 1286 animas
1175 1226 1209 1285 in
1232 1226 1313 1287 Orco

143 1333 296 1411 degentes
317 1330 443 1391 restitus
465 1330 543 1390 facit
565 1327 609 1410 (1.
634 1330 717 1389 Sam.
739 1326 793 1405 98,
817 1327 856 1389 14
873 1335 905 1390 et
920 1330 982 1409 al),
1009 1364 1043 1375 -
1069 1321 1146 1389 nam¹
1160 1328 1215 1389 illa
1231 1340 1313 1401 *m

145 1434 294 1494 nominari
315 1452 376 1493 non
399 1432 509 1511 potuit,
531 1430 587 1491 sed
608 1432 710 1511 potius
733 1432 771 1491 ad
793 1434 892 1511 ipsum
915 1452 1036 1511 corpus,
1059 1432 1139 1511 quod
1160 1432 1191 1491 in
1212 1430 1313 1509 sepul-

141 1555 195 1596 cro
218 1537 313 1596 situm
336 1539 393 1595 est.
423 1534 548 1594 Etenim
571 1535 603 1594 in
626 1535 784 1609 cadavere,
807 1535 878 1595 dum
900 1536 971 1594 tabe
991 1535 1168 1608 absumitur,
1191 1552 1314 1593 sensum

140 1637 278 1698 nondum
300 1638 484 1697 exstinctum
507 1655 594 1712 esse,
622 1638 715 1697 etium
737 1636 800 1697 Jes.
823 1633 875 1711 66,
897 1633 949 1696 94.
973 1637 1154 1696 declaratur.
1198 1635 1314 1698 Verum

143 1759 205 1800 non
228 1740 302 1800 satis
324 1740 521 1819 perspicuum
544 1745 602 1814 est,
626 1759 697 1799 num
719 1740 802 1800 inter
822 1740 907 1799 illum
931 1740 1082 1813 dolorem,
1106 1759 1195 1817 quem
1218 1737 1313 1798 Jobus

142 1842 174 1902 in
202 1862 333 1921 corpore
360 1841 553 1921 putrescenti
578 1842 682 1902 inesse
709 1841 801 1917 dicit,
837 1848 869 1902 ct
895 1842 1067 1916 tristitiam,
1098 1861 1156 1920 qua
1183 1841 1313 1900 animam

142 1964 281 2025 pressam
303 1944 379 2005 facit
401 1925 528 2024 (5an
552 1926 629 2024 ὣς)
653 1944 773 2021 wjffl),
796 1944 857 2003 ulla
878 1944 956 2004 ratio
979 1944 1159 2004 intercedat.
1181 1978 1224 1989 —
1251 1943 1314 2003 Ne-

143 2048 208 2109 scio
235 2067 275 2106 an
302 2047 340 2107 ad
367 2045 624 2126 comprobandam
658 2046 740 2105 illam
768 2047 953 2106 sententium
985 2047 1100 2106 rectius
1134 2045 1316 2105 adhibeatur

144 2150 264 2210 locutio
286 2162 378 2223 nnp)
393 2163 481 2225 nm
503 2146 555 2208 Ps.
580 2144 629 2222 16,
653 2144 701 2207 10.
723 2144 776 2223 49,
794 2146 854 2223 lo,
878 2150 990 2228 quippe
1013 2168 1090 2227 quac
1111 2147 1249 2207 videatur
1269 2147 1315 2208 in·

108 2311 112 2326 ,
146 2252 270 2324 dicare,
301 2250 459 2330 adipsum
481 2256 632 2310 mortuum
656 2270 707 2325 ea,
737 2270 814 2330 quae
837 2269 947 2330 corpus
974 2252 1005 2310 in
1028 2251 1169 2329 sepulcro
1191 2250 1334 2329 patitur„

147 2353 371 2434 quodammodo
393 2354 560 2432 pertinere.
604 2352 638 2412 ld
660 2353 783 2412 omnino
799 2359 918 2413 certum
940 2360 998 2427 est,
1021 2372 1141 2412 cernere
1161 2353 1193 2412 h.
1209 2372 1236 2413 e.
1259 2371 1315 2412 ex·

145 2456 274 2537 periri.
295 2454 464 2535 repertorum
491 2474 552 2515 non
580 2455 754 2535 significare
784 2455 861 2539 nihil
888 2456 968 2515 aliud
996 2455 1055 2513 nisi
1082 2455 1263 2514 descendere
1284 2454 1317 2511 tn

147 2556 324 2637 sepulcrum.
352 2592 393 2603 -
422 2557 486 2617 Sed
506 2557 625 2617 firmam
647 2558 832 2617 sententiam
860 2557 899 2617 de
921 2563 987 2617 tota
1007 2557 1065 2617 hac
1087 2577 1122 2617 re
1144 2575 1317 2636 proponere

148 2661 314 2722 nonlicet.
338 2693 376 2704 -
406 2661 497 2739 Apud
518 2661 706 2739 posteriores
728 2661 861 2721 Judaeos
884 2661 1017 2720 occurrit
1039 2661 1157 2739 opinio,
1187 2661 1316 2720 animam

147 2763 289 2843 (2093),
318 2762 417 2841 quoad
440 2781 550 2842 corpus
571 2763 604 2822 in
625 2763 819 2842 putredinem
847 2782 908 2823 non
930 2763 1055 2837 abierit,
1084 2783 1152 2823 cum
1180 2782 1217 2822 eo
1246 2780 1316 2822 con·

141 2869 283 2948 junctam
306 2885 441 2940 manere,
465 2872 497 2925 et
519 2866 652 2941 demum,
674 2871 835 2944 postquam
858 2865 987 2926 cadaver
1007 2866 1038 2925 in
1060 2867 1217 2945 pulverem
1234 2865 1317 2925 abie-

149 2969 201 3040 rit,
224 2988 293 3029 cum
316 2968 435 3047 spiritu,
460 2969 511 3047 qui
532 2969 564 3028 in
585 2969 730 3029 Paradiso
752 2975 902 3042 versetur,
925 2987 1029 3027 rursus
1052 2968 1220 3029 consociari
1243 2963 1316 3046 (vid.

150 3071 444 3151 Eisenmenger‚
468 3071 652 3132 cntdecktes
673 3070 862 3132 Judenthum
884 3070 921 3130 T.
944 3070 966 3129 l.
988 3089 1018 3149 p.
1041 3066 1103 3130 887
1119 3071 1188 3148 sup).
1233 3071 1318 3145 Quac

151 3172 305 3234 sententia
332 3192 422 3252 quam
443 3173 536 3232 facile
564 3192 602 3232 cx
622 3173 676 3246 iis,
706 3191 781 3252 quos
805 3177 875 3232 ante
898 3172 1067 3246 attulimus,
1096 3171 1172 3230 locis
1193 3170 1318 3233 Veteris

149 3275 344 3335 Testamenti
366 3275 450 3335 nasci
471 3275 617 3354 potuerit,
639 3293 729 3334 nemo
751 3293 812 3333 non
834 3275 996 3354 intelliget.

236 3371 271 3453 3)
304 3376 417 3437 Nulla
439 3378 605 3456 amplius
628 3377 729 3437 ratio
752 3377 900 3437 animae
922 3375 1085 3436 hominis
1109 3376 1246 3436 mortui
1267 3375 1319 3434 in·

152 3477 323 3539 tercedit
349 3499 431 3540 cum
460 3479 603 3558 spiritu
629 3479 755 3554 vitali,
791 3479 854 3558 qni
882 3479 927 3538 ad
954 3478 1067 3539 Deum
1094 3477 1215 3537 rediit
1248 3475 1318 3554 (Ps.

151 3578 225 3656 104,
247 3576 299 3642 29.
321 3581 390 3642 Jon.
413 3577 532 3656 34,14.
556 3581 665 3641 Kohel.
691 3579 739 3656 12,
755 3578 811 3656 1.).
834 3616 876 3626 -
897 3580 965 3641 Alia
988 3586 1036 3640 est
1058 3580 1211 3639 sententia
1226 3579 1319 3658 Hey·

149 3684 238 3745 deri
259 3684 299 3767 (l.
323 3704 350 3745 c.
373 3704 403 3764 p.
426 3679 469 3744 48
484 3685 587 3762 sqq.)‚
618 3683 683 3762 qui,
705 3689 740 3742 ut
762 3683 884 3742 omnino
907 3682 1053 3743 distracta
1075 3688 1175 3743 morte
1195 3686 1320 3742 naturae

152 3941 287 4001 communi
309 3945 411 4000 honore
433 3944 460 3999 in
484 3951 569 4001 morte
592 3942 733 4014 caruerint,
755 3942 782 3998 in
805 3941 875 3999 Orco
896 3942 989 3998 haberi
1009 3942 1080 3999 inter
1093 3959 1185 4000 omnes
1199 3941 1321 3999 miserri-

153 4045 213 4084 mos
235 4029 295 4100 (—
317 4021 382 4093 „als
402 4024 478 4084 olane
499 4026 551 4085 die
575 4022 766 4085 Ceremonicn
787 4024 844 4084 der
864 4023 1155 4102 leichenreinlycny
1175 4023 1240 4082 rond
1258 4022 1321 4083 dei-

156 4105 237 4186 liqen
250 4108 430 4188 Beotottuny
441 4108 603 4188 prodictam,
625 4130 689 4169 tour
704 4129 742 4178 es,
765 4107 810 4168 alr
831 4115 935 4188 trtiyen
957 4110 1000 4167 sie
1020 4108 1098 4167 noel
1119 4108 1220 4168 indeo
1235 4107 1323 4168 Helle

155 4190 224 4251 idrc
243 4191 391 4254 &torraclo
404 4231 448 4240 -
461 4195 557 4255 daher
577 4197 621 4255 sie
642 4194 707 4266 dier
728 4193 806 4253 eccll
826 4192 1070 4254 Unbesclmittene
1090 4193 1121 4252 d.
1136 4195 1156 4252 i.
1184 4192 1321 4268 Unrcicc,

153 4274 412 4357 Niclttperclniptc
432 4279 586 4353 heisscn.“)
603 4315 642 4325 -—
665 4284 719 4339 Sed
741 4286 870 4356 propheta
891 4286 918 4338 h.
939 4283 957 4338 1.
982 4283 1015 4337 de
1037 4282 1086 4336 alia
1108 4283 1218 4354 quadam
1239 4284 1322 4354 igno-

154 4366 235 4424 minia
257 4366 384 4438 loquitur.
426 4369 589 4426 Contumelia
611 4368 761 4424 alliciuntur
781 4369 924 4438 Bomitae,
966 4368 1006 4423 uia
1025 4368 1079 4438 jam
1101 4374 1222 4440 apparet,
1246 4385 1322 4439 quam

153 4470 222 4509 vana
243 4453 327 4508 inerit
345 4452 455 4526 pristina
477 4472 568 4511 corum
590 4455 723 4527 superbia.
748 4484 787 4494 -
809 4443 896 4510 Vocrs‘
911 4385 1023 4530 ω’ζᾊ)
1047 4460 1142 4522 autem,
1165 4468 1240 4524 quam
1255 4469 1322 4524 pro-

154 4540 238 4613 pheta
260 4538 279 4594 1.
305 4555 330 4594 c.
353 4540 452 4612 pluries
474 4547 591 4612 usurpat,
614 4540 695 4612 longe
717 4540 767 4594 ulia
790 4545 832 4594 est
853 4538 992 4594 sententio.
1035 4538 1112 4606 vid,
1135 4553 1201 4608 quac
1222 4538 1323 4596 rectis·

157 4624 227 4681 sime
248 4624 472 4682 llacvernick
502 4625 540 4698 (in
562 4641 657 4682 comm.
680 4624 714 4682 ad
734 4626 762 4682 h.
784 4621 816 4699 1.)
837 4624 889 4680 hoc
909 4623 946 4679 dc
964 4639 999 4680 ra
1019 4621 1173 4698 exposuit„
