3150 5300
765 523 815 597 41

197 734 336 805 iontem,
365 729 498 789 omnium
525 728 686 808 spirituum
713 732 869 788 auctorem
897 725 987 788 Num.
1011 722 1066 803 16,
1094 725 1157 803 92,
1180 733 1271 809 atque
1294 751 1374 807 eum,

198 834 254 913 qui
276 839 312 893 et
332 831 510 892 interlicere
532 836 565 891 et
585 831 669 890 vivos
689 829 823 891 reddere
844 828 944 890 vdent
965 831 1055 891 Deut.
1078 826 1129 906 33,
1151 828 1194 893 39
1207 830 1262 912 ⁸⁴).
1296 836 1375 911 Qua·

199 956 272 997 cum
294 925 355 996 lt'ei
375 934 501 995 notione
523 953 613 1012 quam
635 938 716 1012 apte,
740 953 817 1011 qnae
839 933 1009 1012 prophetae
1026 933 1208 996 demortuis
1229 935 1261 995 in
1281 937 1375 996 vitam

197 1036 349 1099 redituris
363 1036 575 1110 raficinautur,
598 1035 794 1110 cohaereant,
807 1035 943 1113 proxima
957 1035 1047 1115 hujus
1063 1035 1276 1116 disputationis
1287 1043 1375 1116 parte

198 1140 400 1220 perspicuum
415 1139 480 1199 fiet
495 1172 538 1183 —
559 1137 626 1199 Nec
648 1139 757 1211 minus,
783 1157 860 1216 quae
882 1137 1028 1197 bomini
1050 1137 1235 1200 Mosaismus
1256 1141 1375 1215 tribuit,

200 1248 339 1303 mentem
373 1240 424 1301 ad'
445 1240 654 1300 sublimiorem
685 1239 836 1318 quandam
864 1258 950 1318 spem
979 1245 1012 1299 et
1039 1239 1199 1301 scientiam
1232 1248 1376 1320 poterant

204 1362 397 1423 praeparare.
448 1343 573 1402 Etenim
604 1343 697 1401 bomo
725 1342 764 1401 ad
791 1342 849 1403 Dei
877 1342 1108 1404 similitudinem
1135 1349 1256 1404 creatus
1283 1350 1318 1405 et
1344 1345 1376 1405 iu

205 1452 267 1505 tam
289 1446 352 1505 alto
374 1443 531 1526 diguitatis
552 1444 648 1524 gradu
669 1445 798 1523 positus,
821 1449 855 1505 ut
869 1444 951 1504 Deus
973 1445 1174 1505 sanctissimis
1196 1446 1376 1508 foederibus

200 1567 274 1608 eum
297 1565 402 1607 secum
424 1546 626 1627 conjunxerit,
650 1567 721 1608 num
742 1547 803 1606 bac
824 1547 894 1625 lege
916 1552 1004 1606 natus
1026 1566 1097 1607 esse
1118 1554 1233 1626 potest,
1255 1554 1300 1625 ut,
1321 1549 1376 1610 ubi

199 1650 262 1710 hac
284 1649 371 1710 brevi
391 1648 453 1708 rita
474 1651 617 1709 terrestri
640 1649 789 1724 excessit,
811 1650 909 1708 omnis
932 1650 999 1729 ejus
1020 1649 1098 1723 vita,
1121 1669 1198 1728 quae
1220 1671 1292 1712 vere
1314 1652 1376 1712 vita

199 1752 387 1812 nominanda
407 1758 471 1826 est,
494 1752 637 1812 confecta
659 1752 700 1812 sit
722 1758 814 1830 atque
836 1753 994 1812 absoluta?
1030 1752 1132 1829 Quid?
1167 1752 1375 1829 Patriarchae,

199 1872 280 1933 quos
301 1854 385 1914 Deus
411 1854 455 1914 its
481 1854 603 1928 dilexit,
632 1859 666 1915 ut
694 1872 801 1915 eorum
829 1872 919 1914 causa
945 1854 1090 1933 populum
1112 1854 1310 1915 lsraiiliticum
1338 1875 1377 1916 ex

200 1957 337 2016 humano
358 1975 473 2035 genere
496 1957 629 2017 electum
650 1956 812 2015 beneficiis
835 1955 1018 2031 cumularet,
1041 1975 1112 2016 num
1134 1957 1241 2017 iisdem
1263 1958 1375 2018 finibus

199 2059 265 2118 vim
288 2058 563 2133 etcfficacitatem,
586 2060 696 2137 quibus
710 2059 802 2118 vitam
816 2064 998 2119 terrestrem
1013 2059 1273 2119 terminaverunt?
1296 2060 1376 2119 Tum

201 2179 278 2221 vero
300 2161 451 2238 quomodo
472 2161 542 2221 fieri
557 2162 680 2240 poterit,
703 2168 737 2221 ut
756 2162 933 2240 posteritas,
956 2161 995 2220 ad
1016 2181 1105 2239 quam
1127 2161 1187 2241 ipsi
1208 2162 1375 2240 pertinent,

201 2260 244 2322 ad
265 2263 348 2341 ipsos
371 2281 431 2322 non
452 2263 623 2342 pertineat,
653 2269 686 2323 et
707 2268 741 2322 ut
763 2282 885 2338 eorum,
914 2283 990 2341 quae
1012 2269 1140 2343 propter
1160 2263 1244 2343 ipsos
1266 2264 1297 2325 ia
1319 2284 1375 2344 po·

202 2369 306 2425 steros
336 2365 446 2425 collata
474 2371 558 2437 sunt,
585 2365 806 2426 beneficiorum
833 2365 893 2444 ipsi
922 2366 984 2424 sint
1013 2367 1173 2426 exsortes?
1194 2401 1238 2411 -
1294 2366 1375 2428 Hinc

201 2468 394 2547 intelligitur,
416 2467 489 2546 quid
516 2468 576 2527 sibi
596 2468 691 2528 velint
712 2468 779 2543 illa,
809 2487 887 2545 quae
909 2467 1094 2527 Sadducaeis
1121 2475 1257 2528 mortuos
1279 2468 1309 2528 in
1332 2469 1374 2530 ri-

201 2575 268 2628 tam
289 2569 443 2629 redituros
466 2588 537 2631 esse
552 2571 733 2649 negantibus
748 2575 781 2630 et
797 2570 918 2629 omnino
941 2571 1144 2649 opinantibus,
1167 2570 1296 2629 animam
1318 2572 1373 2631 ho-

201 2672 294 2732 minis
316 2693 384 2733 cum
408 2692 537 2752 corpore
561 2674 698 2750 interire,
720 2674 810 2755 lesus
823 2693 860 2733 ex
874 2673 972 2732 Exod.
993 2670 1023 2748 3,
1046 2668 1076 2733 6.
1099 2675 1226 2752 opponit
1247 2674 1373 2753 (Matth.

200 2771 256 2849 22³,
278 2770 330 2836 31.
353 2774 428 2835 Luc.
451 2771 503 2849 20,
525 2771 592 2855 38).
637 2775 753 2853 Quodsi
773 2777 857 2837 Deus
881 2776 932 2836 diu
953 2781 1024 2854 post
1045 2780 1175 2835 mortem
1198 2776 1373 2852 Abrahami,

202 2877 299 2937 isaaci
322 2883 355 2938 et
375 2877 482 2937 Jacobi
505 2896 539 2938 se
560 2878 656 2938 Deum
679 2878 800 2938 illorum
823 2883 984 2957 nuncupat,
1007 2878 1201 2958 perspicuum
1225 2884 1282 2954 est,
1304 2880 1374 2940 illos

202 2980 363 3039 etiamtum
386 2980 452 3040 Deo
477 2990 562 3055 (cum
583 2981 685 3040 verbis
708 2981 784 3058 αὐτῷ
807 2989 888 3058 ζῶσιν
911 2981 983 3039 Luc.
1007 2974 1058 3053 20,
1087 2976 1137 3041 38.
1167 2979 1208 3041 cf.
1230 2981 1318 3040 Rom.
1341 2976 1371 3056 6,

202 3076 259 3159 10)
287 3081 415 3157 vixisse,
442 3082 462 3141 i.
475 3070 513 3142 e.
537 3083 696 3142 etiamtum
725 3102 795 3143 cum
822 3082 888 3143 Deo
916 3082 1095 3162 conjunctos
1123 3087 1156 3142 et
1183 3101 1237 3143 eos
1264 3083 1373 3159 fuisse,

201 3183 242 3244 ad
265 3203 341 3263 quos
364 3203 438 3265 cura
458 3183 558 3244 divina
579 3189 613 3244 et
634 3184 720 3264 regni
743 3185 836 3245 divini
858 3184 984 3246 consilia
1004 3186 1197 3264 pertinerent
1208 3182 1261 3263 85).

291 3420 343 3500 84)
364 3427 405 3483 Ex
424 3429 478 3484 boo
498 3429 561 3485 loco
583 3431 690 3486 Traet.
713 3431 811 3486 Sanb.
835 3425 885 3486 90.
909 3431 1132 3487 resurrectionem
1154 3437 1316 3487 mortuorum
1336 3430 1372 3487 ita

203 3510 317 3584 proban
331 3512 399 3569 vult:
421 3521 531 3585 uns]
549 3523 655 3587 otro
677 3525 779 3585 noto
799 3525 851 3624 qs
866 3525 973 3586 uns]
996 3525 1131 3589 osten
1156 3525 1282 3585 urana
1303 3525 1371 3585 nn·

288 3609 340 3687 85)
368 3615 405 3672 At
426 3616 559 3687 quomodo
588 3617 639 3672 bac
655 3616 792 3674 ‚sententia
812 3617 1032 3674 resurrectio
1060 3625 1222 3673 mortuorum
1245 3634 1372 3690 compro-

201 3698 329 3754 babitur?
355 3701 409 3755 Res
429 3701 508 3758 facile
531 3702 672 3767 enodatur,
695 3702 718 3757 si
741 3702 968 3772 consideraveris,
996 3720 1107 3774 regnum
1129 3702 1244 3757 divinum
1265 3703 1371 3759 omnino

202 3789 378 3839 terrestre
400 3802 470 3841 osse.
514 3787 553 3842 lta
580 3787 662 3859 igitur
687 3787 893 3844 ratiocinandum
921 3788 1040 3843 videtur:
1069 3787 1092 3843 si
1114 3787 1262 3843 etiamnunc
1283 3796 1372 3861 patres

202 3868 263 3922 Deo
292 3868 383 3924 vivunt
404 3878 431 3925 ct
452 3871 486 3926 ad
514 3888 562 3927 eos
589 3889 699 3944 regnum
721 3873 837 3928 divinum
864 3872 995 3945 pertinet,
1023 3889 1135 3928 necesse
1165 3880 1221 3942 est,
1249 3878 1277 3928 et
1297 3873 1371 3945 ipsos

201 3958 374 4026 posterorum
398 3954 480 4013 instar
506 3958 677 4013 consummati
704 3957 781 4030 regni
809 3957 892 4013 divini
919 3958 1108 4013 beneficiorum
1134 3957 1277 4030 participes
1298 3958 1371 4030 tieri3

204 4038 276 4108 quod
301 4037 354 4095 uisi
379 4037 407 4093 iu
428 4040 506 4097 vitam
534 4049 686 4099 terrestrem
713 4042 857 4113 redierint,
887 4043 995 4099 omnino
1016 4043 1074 4099 lieri
1096 4058 1148 4098 uon
1170 4048 1276 4115 potest3
1304 4060 1370 4116 ergo

205 4137 242 4176 ex
262 4125 370 4181 mortuis
391 4131 482 4197 patres
502 4127 656 4183 suscitatum
677 4127 710 4183 iri
731 4144 845 4183 necesse
865 4134 915 4183 est.
933 4158 973 4168 -
995 4127 1052 4182 Jam
1074 4127 1219 4198 intelliges,
1243 4136 1371 4199 quatenus

202 4222 269 4263 vera
290 4206 352 4279 siut,
375 4227 442 4280 quae
462 4212 558 4267 ,ludaei
579 4230 614 4268 ex
635 4213 686 4270 Ex.
709 4207 739 4282 6,
763 4211 782 4267 4
806 4220 833 4268 et
853 4213 931 4267 Dent.
958 4207 1006 4281 11,
1030 4207 1080 4267 21.
1104 4213 1278 4284 argumentati
1300 4221 1369 4269 sunt.

201 4290 245 4348 (Ji.
275 4291 394 4351 Goobii
416 4313 475 4351 axe.
499 4297 572 4352 Gem.
600 4299 628 4353 in
650 4298 729 4353 Sanh.
757 4317 784 4371 p.
808 4291 871 4353 306
893 4314 933 4368 sq.
957 4291 1085 4361 ‚Jbodt't
1110 4298 1140 4351 R.
1164 4297 1281 4352 Sinai:
1311 4313 1370 4372 poto

200 4371 269 4433 loco
290 4376 399 4436 cabad
417 4374 469 4436 lex
489 4397 546 4437 res.
568 4379 677 4443 mort?
701 4377 738 4445 Q.
760 4379 792 4438 d.
815 4385 924 4459 „atque
946 4379 1033 4436 edam
1055 4378 1241 4437 constabiliot'
1259 4378 1371 4456 foedas

200 4458 297 4519 mmm
318 4476 386 4521 oum
405 4462 490 4541 ipsis,
512 4464 633 4523 at'dam
654 4465 730 4543 ipsis
750 4470 860 4522 terram
885 4460 1042 4522 Concon‘t
1084 4467 1152 4522 Nou
1174 4465 1261 4520 enim
1283 4466 1370 4522 dici-

202 4550 259 4605 tur
283 4544 488 4622 vobis,'sod
516 4551 638 4624 ipsis.“
680 4554 781 4609 Ibidem
809 4555 838 4608 R.
862 4550 1028 4607 Ganaliel
1055 4551 1224 4607 Sadducaeos
1246 4552 1370 4608 contuta-

201 4630 277 4689 visse
298 4633 396 4692 dicitur
416 4652 452 4692 ox
471 4636 549 4696 Deut.
568 4633 617 4709 ll,
633 4633 684 4696 21.
707 4654 820 4721 „prtum
833 4633 955 4720 jactata
967 4633 1108 4709 dontinus
1119 4630 1263 4710 patribus
1279 4631 1390 4687 semis
