3150 5300
721 507 770 582 75

158 713 280 776 inferos
302 717 432 788 maneat,
454 714 617 775 liberatum
639 713 686 774 iri.
716 714 802 791 Quae
823 733 896 775 vero
919 716 960 775 sit
981 715 1034 776 illa
1047 715 1215 792 beatitudo,
1239 736 1329 795 quam

159 818 222 878 sihi
243 817 461 896 sempiternam
483 815 552 877 fore
574 816 642 895 pius
658 822 773 895 speret,
797 817 941 897 cognosci
962 823 1066 897 potest
1086 838 1125 878 ex
1139 820 1236 879 altero
1251 819 1331 893 loeo,

159 919 213 980 Ps.
236 915 288 995 16,
311 915 439 993 8-11.,
463 919 513 997 qui
530 919 596 999 jam
617 918 826 998 inspiciendus
848 924 906 980 est.
940 919 1072 982 Derides
1093 918 1264 992 ,deirorum
1287 921 1331 980 in-

160 1023 238 1102 quit,
260 1021 298 1081 ob
320 1018 421 1081 oerelos
438 1021 571 1100 positum
591 1017 687 1080 liabeo
708 1022 866 1091 oontinu03
889 1023 1031 1103 quonium
1052 1023 1079 1082 is
1099 1024 1244 1083 adextret
1266 1042 1332 1082 meu

160 1131 213 1200 est,
235 1142 297 1184 nore
316 1122 435 1183 notabo.
479 1120 646 1202 Propterea
666 1120 794 1183 luetutm
815 1143 869 1183 eor
890 1142 985 1183 meum
1006 1131 1096 1209 atque
1118 1123 1249 1185 exsultet
1268 1128 1331 1184 uni·

159 1246 226 1287 nuos
246 1244 342 1295 rneus3
365 1224 464 1307 quid?
486 1243 566 1284 euro·
580 1243 645 1284 nreu
665 1226 833 1306 requiescet
850 1245 955 1286 secure
976 1224 1046 1305 ¹⁴4).
1075 1225 1148 1286 Nou
1171 1228 1248 1287 enim
1262 1245 1331 1306 per-

160 1331 257 1389 mittes
279 1331 407 1390 auinrom
428 1347 522 1387 meum
543 1328 658 1408 inferis,
681 1346 737 1387 nee
750 1328 852 1389 nudes
864 1331 934 1408 pios
948 1335 1023 1400 tuos,
1045 1335 1079 1390 ut
1098 1329 1221 1389 videant
1242 1330 1287 1406 (h.
1304 1349 1332 1390 e.

160 1432 368 1512 experiantur,
391 1430 450 1490 vid.
473 1429 496 1489 1.
519 1428 554 1490 0.
576 1429 622 1508 2.)
644 1428 820 1509 sepulenem.
855 1430 1037 1492 Monstrabis
1058 1431 1131 1491 milri
1151 1432 1231 1491 oium
1245 1433 1333 1508 uitae,

158 1534 323 1595 obmutem
347 1533 529 1613 paudiorum
557 1550 659 1591 oerum
681 1533 766 1611 faeie
793 1538 859 1608 tuo,
891 1535 1052 1594 suavitates
1084 1535 1117 1594 ire
1143 1533 1254 1595 derna
1281 1540 1334 1594 tuo

160 1639 239 1716 (velt
265 1656 324 1715 per
344 1636 500 1696 deuterum
522 1640 603 1694 tuum
603 1639 623 1710 )
644 1635 677 1693 iu
693 1639 902 1715 perpetuum.“
925 1670 966 1682 —
988 1636 1135 1697 Davidem
1155 1638 1205 1695 his
1227 1636 1330 1696 verbis

161 1760 223 1801 non
245 1758 314 1801 eam
335 1737 558 1799 beatitudinem
572 1736 772 1817 significasse,
796 1757 873 1816 quae
896 1738 1043 1800 demum
1063 1744 1152 1818 post
1172 1743 1332 1800 mortem

161 1842 222 1923 ipsi
243 1848 330 1903 esset
351 1842 528 1915 obventura,
552 1839 763 1922 certissimum,
779 1846 838 1900 est.
883 1840 977 1901 immo
999 1860 1072 1901 vero
1088 1842 1155 1922 jum
1176 1841 1332 1921 ingressus

164 1951 213 2007 est
232 1946 317 2006 illam
345 1944 425 2003 vitae
453 1943 548 2015 viarm
578 1961 655 2019 quae
682 1941 721 2001 ad
746 1942 920 2003 ubertatem
947 1943 1125 2023 gaudiorum
1152 1949 1332 2023 perpetuum

162 2048 230 2128 pios
254 2052 303 2107 est
324 2046 501 2105 deductura.
547 2044 606 2120 Qui
628 2049 730 2105 autem
752 2049 870 2124 putant,
892 2046 1039 2107 Davidem
1061 2046 1091 2106 h.
1107 2047 1127 2106 l.
1151 2047 1228 2106 nihil
1249 2047 1332 2106 affir-

162 2169 264 2225 mare,
293 2148 352 2208 nisi
374 2167 409 2207 se
431 2148 513 2207 inter
534 2147 632 2206 varios
655 2152 689 2207 et
710 2148 860 2227 ancipites
882 2148 962 2209 vitae
984 2167 1072 2209 casus
1101 2168 1224 2227 semper
1245 2167 1332 2209 seeu-

162 2272 230 2315 rum
246 2271 316 2312 esse
332 2269 515 2324 mansurum,
537 2268 598 2309 non
620 2249 719 2309 minus
734 2250 896 2311 verborum
912 2251 1142 2330 amplitudinem
1157 2256 1332 2312 extenuant.

162 2356 288 2417 Etenim
310 2354 378 2433 quis
400 2372 460 2413 non
482 2353 592 2428 sentit,
621 2352 768 2413 Davidem
796 2371 834 2413 eo
856 2354 922 2432 ipso
944 2354 1093 2433 temporis
1115 2360 1244 2433 puncto,
1272 2371 1333 2432 quo

162 2459 214 2519 iiia
237 2458 328 2546 canit,
351 2457 457 2536 procul
478 2457 595 2516 habere
616 2456 770 2531 timorem,
791 2475 832 2515 ne
853 2456 971 2534 quando
986 2457 1045 2516 Dei
1066 2458 1251 2535 praesentia,
1274 2475 1333 2534 qua

158 2563 225 2644 jam
253 2561 400 2641 gaudeat,
427 2560 458 2619 in
481 2558 554 2619 Oroi
583 2562 616 2619 et
642 2558 777 2637 aepulari
805 2559 944 2619 tenebris
967 2560 1008 2619 sit
1034 2559 1178 2638 privatus.
1222 2559 1331 2619 Nonne

164 2667 263 2727 elatus
285 2663 398 2723 fiducia
418 2662 449 2721 in
471 2662 548 2737 Deo,
572 2681 663 2740 quem
685 2681 741 2741 pro
764 2681 883 2722 summo
905 2662 986 2724 bono
1008 2663 1104 2723 habet
1127 2662 1173 2744 (v.
1196 2659 1258 2740 2),
1280 2682 1332 2723 re-

162 2767 274 2846 posita,
296 2785 365 2826 cum
386 2764 517 2824 maxime
537 2783 716 2843 persuasum
737 2765 843 2840 habet,
866 2765 1028 2843 vinculum,
1051 2784 1110 2844 quo
1125 2764 1169 2843 pii
1183 2784 1249 2824 cum
1265 2764 1332 2826 Deo

164 2869 320 2950 conjuncti
341 2867 412 2943 sint,
435 2886 587 2944 nunquam
608 2885 701 2947 posse
723 2866 849 2926 dissolvi
867 2864 936 2940 145).
969 2870 1024 2928 rut
1046 2868 1139 2948 igitur
1159 2868 1250 2948 hujus
1271 2867 1332 2926 loci

163 2970 318 3032 sententia
340 2970 492 3029 simillima
515 2969 554 3043 ei,
578 2988 666 3047 quam
688 2969 846 3048 Assaphus
869 2971 900 3029 in
922 2968 973 3029 Pa.
987 2965 1038 3044 73,
1061 2964 1113 3029 26.
1136 2969 1311 3029 declaravit.

249 3071 467 3152 Progredimur
488 3071 527 3130 ud
547 3071 599 3131 Ps.
624 3067 674 3147 17,
697 3067 763 3146 15„
793 3087 883 3158 quem
906 3071 1007 3132 locum
1029 3072 1116 3131 multi
1144 3072 1332 3149 interpretes

164 3195 221 3256 pro
249 3175 421 3250 luculento·
438 3175 505 3254 spei
530 3175 640 3234 beatae
668 3174 905 3234 immortalitatis
939 3173 1116 3233 testimonio
1149 3174 1331 3233 habuerunt.

164 3276 261 3340 Vates
290 3279 327 3338 ab
355 3277 537 3338 adversariis
565 3277 768 3338 insolentibus
797 3295 963 3356 oppressus
993 3276 1032 3336 ad
1058 3277 1156 3336 Deum
1184 3275 1331 3354 confugit,

165 3400 224 3461 quo
245 3381 346 3444 fretus
368 3381 399 3439 in
420 3380 500 3439 huno
522 3381 633 3440 laetum
655 3397 761 3440 vocem
785 3379 933 3458 erumpit:
970 3398 1052 3458 „epo
1075 3378 1107 3437 iu
1118 3378 1241 3460 justitia
1263 3397 1331 3436 cou-

166 3483 266 3545 tuebor
285 3484 400 3563 sociem
421 3481 511 3552 mom,
532 3481 679 3552 satiabor,
708 3501 798 3563 quum
819 3487 1012 3560 experrectus
1033 3499 1098 3557 ero,
1125 3480 1225 3558 speeie
1246 3485 1332 3539 tua.“
1402 3511 1409 3535 ι,

165 3638 321 3645 -..-.—--
325 3637 470 3643 --ψ

252 3722 323 3801 144)
350 3727 423 3783 Haeo
445 3728 526 3782 verba
548 3743 600 3782 non
623 3727 657 3782 ad
678 3723 827 3799 requietem
849 3725 970 3799 eorporis
993 3724 1020 3780 iu
1042 3725 1166 3797 sepulcro
1189 3723 1233 3780 siti
1255 3723 1331 3780 reie-

165 3808 352 3968 reugzlesso),
386 3815 455 3870 bene
482 3811 607 3885 exposuit
631 3810 901 3884 Hengstenberg
932 3811 958 3867 in
987 3826 1081 3866 comm.
1110 3809 1143 3865 ud
1173 3804 1201 3864 l.
1236 3810 1281 3881 (T.
1308 3809 1329 3864 1.

165 3914 193 3969 p.
296 3911 358 3966 sq..

253 4009 327 4077 145)
349 4015 503 4072 Tholuok
525 4014 558 4069 ad
579 4016 606 4070 h.
631 4011 659 4070 1.
690 4009 747 4081 „lu
768 4011 828 4071 den
848 4010 993 4086 Stundeu,
1013 4031 1060 4070 wo
1082 4009 1130 4069 eiu
1155 4006 1332 4068 Gottliebeu-

166 4094 222 4153 der
235 4093 359 4154 Menselr
380 4115 414 4155 so
434 4098 490 4156 wie
510 4084 576 4155 dier
591 4093 698 4156 Duoid
717 4097 749 4154 iu
771 4096 830 4156 dus
843 4097 970 4155 iunerste
985 4093 1167 4174 Heiiiptlrum
1189 4094 1244 4154 der
1261 4091 1331 4153 Got-

167 4179 423 4261 tespemeiusclruft
442 4180 666 4262 diueiupefflirrt
684 4180 776 4251 wird,
803 4201 850 4241 wo
878 4181 929 4241 die
950 4179 1157 4248 Erkenutuiss,
1185 4180 1241 4238 wie
1267 4177 1332 4237 luier

165 4264 214 4324 bei
228 4261 342 4332 Dauid,
365 4267 495 4344 oufyelrt,
516 4268 588 4327 dass
606 4263 679 4327 Gott
698 4267 755 4326 dos
778 4265 997 4345 alipeoupsorne
1020 4263 1083 4325 Get
1102 4264 1156 4325 des
1172 4261 1332 4322 Menselreu

164 4351 217 4419 sei,
241 4347 289 4407 bei
310 4348 414 4409 dassen
428 4350 545 4411 Besitze
565 4372 598 4411 er
617 4352 780 4412 immerdor
800 4349 879 4411 erodi
899 4349 1010 4412 bleibeu
1032 4349 1190 4420 ledrensis
1212 4346 1332 4408 veletren

164 4434 301 4496 Stuodeu
329 4455 407 4494 uruss
429 4434 597 4497 amoenus
622 4437 701 4498 ouri
728 4437 785 4497 dus
807 4435 1015 4516 Bewusstsepu
1043 4436 1123 4495 eines
1144 4437 1331 4513 urererffliop-

164 4520 262 4580 lichen
283 4520 350 4582 used
368 4518 479 4602 seiipeu
493 4520 633 4604 Duseyus
654 4542 709 4583 uus
730 4522 799 4584 dem
812 4523 931 4601 tiessteu
948 4518 1073 4582 Grunde
1093 4519 1149 4581 sier
1162 4516 1246 4579 Seele
1266 4517 1332 4579 siole

165 4604 320 4665 orlrobeu.“
