3150 5300
763 502 814 576 25

760 759 810 829 0.

286 915 344 978 His
364 914 542 997 praemissis
562 912 723 976 Mosuismi
744 911 784 973 de
806 912 900 975 rebus
922 917 993 993 post
1014 917 1146 974 mortem
1167 911 1279 974 futuris
1300 933 1370 975 sen-

198 1021 300 1081 tentia
319 1019 414 1080 facile
434 1017 634 1097 intelligetur.
679 1016 854 1076 Secundum
877 1035 923 1090 ea,
946 1035 1024 1095 quae
1046 1017 1085 1076 de
1107 1018 1240 1076 hominis
1261 1024 1371 1078 natura

198 1123 283 1183 dicta
305 1127 387 1196 sunt,
409 1120 463 1180 ubi
484 1120 622 1180 absumto
646 1118 756 1198 spiritu
778 1117 896 1177 animae
919 1124 951 1177 et
973 1118 1110 1196 corporis
1134 1119 1308 1200 conjunctio
1324 1120 1369 1179 di-

197 1231 304 1286 remtc
325 1229 384 1299 est,
406 1241 535 1283 necesse
557 1227 607 1282 est
628 1223 758 1282 alterum
779 1220 850 1281 fieri
867 1219 906 1280 de
922 1220 1049 1296 duobus,
1072 1227 1105 1280 ut
1120 1227 1172 1281 aut
1194 1222 1272 1326 ¹2⁶2}
1295 1223 1371 1284 sede

200 1380 258 1420 sna
280 1364 313 1420 et
333 1359 419 1440 quasi
439 1359 521 1419 vitae
542 1357 747 1418 instrumento
768 1320 885 1435 privata
907 1356 973 1435 ipsa
994 1357 1128 1418 intereat
1143 1363 1234 1437 atque
1248 1360 1292 1419 ita
1305 1359 1371 1419 uni-

199 1479 307 1521 versus
334 1462 428 1521 homo
456 1460 609 1535 deleatur,
638 1466 691 1520 aut
720 1461 817 1562 pipp,
850 1478 868 1517 a
896 1458 1006 1537 spiritu
1032 1460 1157 1521 deserta
1183 1468 1215 1522 et
1242 1481 1372 1541 corpore

198 1598 333 1677 privata,
363 1596 473 1657 debilis
501 1595 624 1674 quidem
652 1600 684 1655 et
711 1595 854 1670 flaccida,
884 1594 940 1654 sed
965 1600 1070 1656 tamen
1098 1597 1259 1677 (quoniam
1280 1597 1312 1656 in
1335 1617 1372 1657 ea

201 1719 336 1779 persono
356 1700 490 1760 hominis
512 1700 571 1759 sita
593 1698 665 1778 est),
688 1698 735 1758 sui
758 1699 880 1759 conscia
902 1703 1023 1758 maneat
1050 1687 1135 1759 etin
1157 1698 1248 1758 alium
1269 1698 1371 1759 locum

201 1802 324 1881 migret.
372 1802 421 1862 Ex
447 1802 497 1862 his
523 1800 640 1861 duabus
666 1802 873 1880 posteriorem
900 1800 1060 1860 Mosaismi
1086 1806 1119 1861 et
1148 1801 1270 1861 omnino
1297 1800 1369 1863 Vet.

200 1904 396 1976 Testamenti
419 1905 603 1964 senteutiam
626 1923 696 1963 esse
704 1948 712 1980 ,
739 1903 786 1975 id,
811 1902 945 1982 quamvis
969 1903 1102 1963 nonnulli
1124 1904 1185 1962 loci
1206 1904 1371 1983 separatim

199 2008 335 2087 inspecti
356 2007 452 2085 priori
474 2008 578 2068 favere
600 2008 760 2070 videantur
778 2004 832 2085 ⁴⁹),
856 2012 984 2085 apparet
1006 2026 1044 2066 ex
1058 2006 1106 2080 iis,
1129 2026 1206 2085 quac
1221 2005 1293 2067 Vet.
1310 2005 1371 2065 'le-

199 2114 389 2171 stameutum
416 2109 456 2171 de
483 2110 564 2171 0rco
592 2092 722 2201 (ΒΜ)
750 2114 782 2169 et
812 2110 852 2170 de
880 2109 1045 2168 animarum
1072 2109 1104 2168 iu
1132 2128 1169 2169 eo
1196 2109 1372 2188 degentium

202 2245 379 2307 conditione
400 2246 521 2306 statuit:
545 2264 622 2324 quae
644 2244 783 2305 doctrina
804 2246 837 2304 in
851 2244 1063 2305 Pentateucho
1084 2244 1236 2319 inchoata,
1260 2244 1372 2304 deinde

200 2367 220 2407 a
240 2348 463 2428 posterioribus
485 2348 687 2427 scriptoribus
710 2348 894 2426 amplificata
917 2351 966 2409 est
987 2352 1020 2407 et
1042 2348 1171 2421 exculta,
1194 2347 1238 2406 ita
1258 2352 1372 2423 tamen,

199 2456 236 2511 ut
257 2450 291 2509 hi
313 2468 440 2529 prorsus
461 2449 531 2509 novi
553 2449 630 2509 nihil
653 2450 833 2530 adjicerent.

288 2584 331 2665 l).
354 2586 441 2647 Orci
468 2567 595 2677 (ΒΜ)
616 2583 673 2666 ⁶⁰),
699 2588 819 2667 inquo
847 2592 1035 2645 mortuorum
1063 2586 1181 2645 animae
1201 2588 1370 2661 versantur,

199 2723 302 2802 imago
330 2721 369 2782 ad
394 2723 625 2784 similitudinem
659 2723 793 2804 ingentis
820 2723 955 2804 sepulcri
981 2729 1030 2783 est
1064 2722 1256 2798 adumbrata,
1290 2722 1371 2800 quod

256 2881 260 2884 .
267 2880 320 2885 —.—
327 2879 507 2886 --.----

286 2979 340 3055 49)
372 2983 415 3039 l’s.
446 2978 522 3054 104,
545 2979 596 3040 29.
629 2979 706 3056 lto,
737 2981 756 3040 4
780 2991 808 3042 et
829 2986 863 3041 al.
892 3015 934 3026 -
962 2985 1017 3040 Eos
1045 2984 1121 3040 locos
1150 3000 1208 3038 curn
1238 2983 1368 3038 sententia

199 3068 263 3124 Vct.
285 3068 446 3124 Testamenti
468 3069 502 3124 de
524 3067 594 3126 Orco
616 3087 669 3126 nou
690 3087 825 3142 pugnare,
854 3087 889 3125 ex
910 3070 1006 3126 Kohel.
1032 3065 1088 3138 12,
1111 3063 1141 3124 7.
1166 3069 1227 3124 coll.
1256 3064 1292 3138 9,
1319 3065 1367 3124 lu.

199 3154 307 3210 ostendi
327 3161 428 3226 potest.
457 3154 559 3209 Etenim
581 3155 697 3227 priorem
719 3156 807 3211 locum
828 3156 851 3211 si
874 3155 1015 3228 separatim
1037 3153 1198 3226 inspexeris
1221 3153 1299 3209 facile
1320 3153 1369 3208 tibi

196 3239 385 3312 persuadebis,
406 3239 597 3296 Ecclesiastem
619 3240 731 3312 opinari,
754 3249 839 3297 morte
861 3240 1013 3296 universum
1034 3240 1166 3296 bominem
1182 3239 1274 3294 deleri.
1305 3240 1370 3294 'lum

198 3341 266 3379 vero
289 3341 325 3379 ex
346 3319 380 3397 9,
404 3318 452 3379 10.
477 3325 582 3395 disces,
611 3343 689 3397 quum
712 3343 808 3398 corpus
830 3325 857 3380 iu
878 3327 1013 3399 pulverem
1042 3332 1069 3381 et
1091 3324 1199 3398 spiritus
1230 3325 1262 3379 ad
1283 3324 1369 3379 Deum

200 3407 322 3479 redierit,
345 3408 452 3481 ipsum
473 3409 606 3466 homiuem
622 3409 734 3484 (ΠΜ)
757 3427 901 3484 superesse
923 3418 950 3466 et
972 3410 1005 3465 ad
1027 3410 1127 3466 inferos
1150 3410 1324 3465 descendere.

288 3555 344 3631 50)
367 3561 405 3617 De
427 3560 533 3633 origine
556 3563 678 3618 vocabuli
702 3539 787 3638 bxvj
810 3565 890 3619 multa
912 3564 1059 3635 disserere,
1083 3580 1161 3636 quum
1183 3580 1227 3619 res
1248 3563 1313 3618 nibil
1335 3562 1369 3618 ad

198 3697 384 3770 quaestionem
405 3704 522 3753 nostram
535 3697 622 3769 iaciat,
646 3715 869 3771 supervacaneum
890 3700 1004 3757 videtur.
1033 3700 1063 3755 ld
1084 3717 1161 3755 unum
1177 3716 1282 3769 moneo,
1306 3699 1368 3754 Ge-

199 3782 332 3837 scnium
354 3782 399 3850 (iu
421 3783 492 3838 thes.
516 3801 539 3839 s.
562 3801 588 3839 v.
611 3803 638 3857 p.
666 3779 1123 3857 1348)senuenuamflupte1ui
1147 3785 1214 3855 (vid.
1237 3785 1366 3839 zeitschr.

199 3866 220 3922 f.
243 3866 339 3921 lluudc
361 3867 409 3921 des
426 3867 465 3922 bl.
489 3869 508 3923 l.
532 3870 561 3923 T.
584 3870 617 3924 ll.
644 3888 670 3941 p.
695 3865 768 3934 tot)
792 3871 868 3925 nimis
891 3871 1055 3926 confidenter
1075 3869 1221 3943 respuisse.
1264 3869 1368 3924 Etenim

198 3951 311 4008 verbum
328 3930 421 4047 byuj,
443 3953 513 4008 unde
535 3954 709 4023 Gesenius,
732 3955 909 4011 Bdttcheri
931 3954 1124 4027 etHitzigii
1146 3952 1366 4028 (commiades.

202 4081 233 4155 ὅ,
248 4081 302 4163 lt)
323 4086 483 4144 senteutiam
498 4097 616 4161 secutus,
637 4089 752 4146 nominis
770 4066 855 4166 §Nil
879 4091 1009 4164 originem
1023 4089 1131 4163 repetit,
1153 4091 1267 4147 fortasse
1281 4089 1367 4164 ipsum

200 4236 237 4277 ex
258 4220 348 4276 radice
367 4223 498 4295 primitiva
521 4202 592 4299 buy,
617 4204 700 4301 buy,
724 4228 799 4298 cujus
820 4227 873 4283 vim
896 4227 954 4291 (ε
975 4226 1040 4295 χάω,
1062 4227 1123 4295 bio,
1147 4222 1255 4300 χαλάω)
1277 4228 1367 4298 llup-

198 4305 270 4365 telo
292 4306 311 4362 l.
336 4323 360 4362 c.
383 4309 451 4365 bene
472 4311 616 4384 explicavit
630 4312 667 4381 ¹³),
690 4312 822 4384 originem
844 4312 933 4368 duxit:
957 4311 1175 4383 quemadmodum
1198 4329 1223 4366 e.
1248 4329 1277 4382 g.
1298 4327 1365 4366 ver-

197 4392 260 4448 bum
276 4400 357 4499 ¹19?
373 4393 406 4449 ad
420 4395 535 4467 radicem
552 4403 601 4470 ηε
616 4397 808 4469 revocaverim,
830 4405 903 4453 certo
918 4398 1013 4453 eodem
1023 4398 1093 4468 jure,
1117 4414 1169 4469 quo
1183 4395 1367 4452 Delitzscb

199 4543 202 4548 .
224 4541 405 4550 .-—.--..-...--

268 4629 295 4687 ⁹)
313 4629 445 4681 Nonnulla
463 4632 523 4682 eddi
540 4640 652 4695 possunt
669 4647 702 4686 ex
719 4634 824 4686 Petti'r
841 4633 986 4700 etymolog.
997 4630 1209 4683 borsen'm.
1222 4621 1339 4687 uffi-
