3150 5300
754 505 806 581 20

199 737 365 799 exponam,
398 716 490 776 homo
517 712 555 773 ab
577 710 665 773 initio
687 711 807 792 sucepit
829 729 939 790 eorpus
961 710 1141 772 dissolubile
1166 709 1266 791 (Gen.
1288 705 1323 786 2,
1346 708 1376 771 7.

198 817 230 897 3,
254 817 329 899 ln),
358 817 439 899 quod
460 815 551 875 morti
573 813 735 874 obnoxium
764 813 833 874 fieri
855 820 1005 893 posset,
1036 814 1091 875 sed
1107 812 1208 875 eidem
1231 818 1378 893 potestas

199 923 269 985 data
292 930 357 996 est,
386 925 435 991 ut,
457 917 484 976 si
506 917 626 996 peccati
647 917 717 977 labe
739 917 871 977 intactus
894 917 1071 992 mansisset,
1099 922 1199 977 morte
1220 915 1377 977 liberare·

199 1036 258 1087 tur.
288 1025 416 1085 Demum
438 1026 567 1099 propter
588 1025 748 1097 peccatum
771 1020 935 1080 admissum
951 1020 1043 1079 homo
1062 1038 1170 1080 revera
1191 1019 1291 1079 morti
1305 1020 1377 1079 sub·

192 1130 296 1210 jectus
319 1130 376 1183 est.
420 1123 488 1183 lloc
511 1143 548 1184 ex
571 1122 649 1183 Gen.
673 1122 708 1181 0.
730 1121 766 1181 ll.
790 1128 823 1183 et
844 1122 892 1181 lll.
915 1122 1109 1202 intelligitur,
1131 1122 1220 1202 cujus
1243 1120 1310 1182 looi
1332 1122 1376 1182 in·

200 1226 456 1305 terpretationem
477 1226 633 1305 uulgarem
656 1230 688 1285 et
710 1220 1006 1303 anitiquissimam³⁹)
1028 1244 1130 1283 rernm
1153 1242 1224 1284 esse
1247 1243 1376 1304 persua·

198 1348 265 1388 sum
287 1328 398 1402 habeo,
420 1328 509 1401 licet,
533 1346 611 1405 quoe
634 1347 652 1386 a
672 1327 897 1387 recentioribus
921 1327 950 1387 ei
973 1326 1114 1406 opposita
1135 1322 1298 1405 sunt40),'
1316 1346 1375 1387 non

198 1430 280 1490 omni
302 1430 439 1509 pondere
468 1435 601 1490 careant.
622 1462 666 1474 -
702 1429 890 1508 Quamquam
918 1429 999 1495 enim
1027 1429 1101 1489 illud
1131 1428 1247 1489 dictum
1280 1429 1372 1509 (Gen.

197 1531 234 1605 ἱ),
259 1528 339 1609 17.),
366 1529 479 1591 tatuini
500 1551 534 1590 eo
556 1534 622 1611 ipso
644 1531 710 1605 die,
737 1552 797 1612 quo
819 1533 953 1594 diuinum
971 1536 1166 1612 praeceptum
1187 1531 1366 1610 netyraoert't,

198 1633 384 1693 esuriendum
402 1638 481 1712 sore,
503 1654 560 1712 per
575 1652 609 1692 se
624 1634 796 1712 inspectum
812 1634 894 1694 haud
916 1633 1008 1695 dubie
1030 1634 1073 1694 ita
1089 1632 1234 1712 explicari
1257 1638 1372 1714 potest,

197 1740 315 1795 utnon
340 1740 471 1794 mortem
500 1734 638 1809 omniuo,
667 1734 723 1794 sed
750 1735 990 1814 repentinam
1017 1740 1149 1795 mortem
1176 1734 1301 1798 homini
1323 1736 1373 1798 (le-

199 1837 342 1910 nunciet,
364 1836 442 1895 haec
463 1841 567 1896 tamen
590 1837 743 1898 sententis
763 1836 918 1897 refellitur
939 1838 1041 1897 verbis
1062 1833 1093 1912 3,
1115 1832 1177 1912 22,
1200 1855 1239 1897 en
1263 1840 1373 1917 quibus

197 1939 258 2000 hoc
286 1938 437 2012 eflicitur,
464 1938 597 2015 homini,
625 1945 788 2018 antequam
815 1945 943 2019 propter
969 1945 1129 2019 peecatum
1158 1958 1197 2001 ex
1223 1938 1374 2001 Paradiso

198 2042 317 2123 ejectus
341 2046 399 2114 est,
421 2047 660 2120 potestatem
682 2043 796 2102 vitam
820 2043 1092 2121 sempiternam
1115 2042 1375 2122 nanciscendi

199 2144 299 2203 datam
315 2142 421 2202 inisse.
436 2176 479 2187 -
500 2143 609 2221 Aliqua
631 2162 703 2204 vero
724 2143 890 2204 difficultas
911 2143 983 2205 inde
1007 2143 1151 2218 exoritur,
1174 2144 1256 2223 quod
1280 2146 1374 2207 homo

199 2264 238 2307 eo
258 2246 326 2324 ipso
348 2244 409 2319 die,
433 2263 492 2322 quo
515 2245 647 2304 diuinum
668 2252 866 2323 praeceptum
891 2245 1045 2325 migravit,
1067 2264 1128 2304 non
1151 2251 1200 2305 est
1221 2253 1374 2342 mortuus,

200 2347 384 2426 scriptorem
407 2353 509 2407 autem
524 2348 623 2408 Deum
645 2347 703 2407 ulia
725 2348 915 2407 minitantem
931 2348 989 2407 alis
1005 2355 1225 2426 exsequentem
1245 2349 1375 2435 fecisse,

198 2468 289 2511 nemo
311 2448 402 2510 facile
425 2450 484 2510 sibi
506 2449 714 2530 persuadebit.
744 2450 834 2527 Quod
854 2450 988 2510 nonnulli
1010 2456 1202 2526 monuerunt,
1223 2455 1375 2516 uocabulo

125 2533 128 2539 ¹
200 2557 251 2627 m·
275 2571 368 2631 saepe
383 2552 502 2631 longius
524 2553 672 2632 temporis
695 2553 826 2631 spatium
848 2552 1022 2633 significari,
1045 2553 1077 2612 in
1092 2553 1173 2613 hunc
1187 2554 1289 2615 locum
1314 2577 1375 2618 non

200 2655 336 2733 quadrat.
380 2653 458 2714 Nam
488 2656 684 2716 manifestum
707 2661 769 2731 est,
797 2658 891 2717 verba
913 2667 996 2730 mn]
1026 2660 1086 2716 etc.
1109 2656 1187 2720 nihil
1208 2658 1290 2718 aliud
1314 2661 1375 2721 sibi

198 2755 293 2831 velle,
329 2757 389 2816 nisi
424 2778 554 2837 poenam
581 2764 743 2837 peecatum
777 2758 880 2818 nullo
913 2758 1125 2838 interjecto
1159 2758 1374 2822 intervallo

201 2857 433 2918 subsecuturam
456 2880 525 2920 esse
551 2859 605 2939 (of.
630 2856 647 2918 l
672 2859 748 2939 neg.
771 2857 802 2934 ἱ),
825 2855 892 2933 37).
928 2859 998 2919 Νοιι
1020 2860 1118 2921 minus
1141 2881 1245 2922 errare
1267 2864 1374 2926 viden-

201 2964 266 3033 tur,
295 2960 346 3038 qui
368 2981 474 3021 rocem
499 2978 572 3035 mr)
596 2963 657 3021 hon
685 2961 755 3021 loco
777 2981 838 3021 uon
860 2962 899 3021 de
921 2969 1036 3037 morte,
1065 2962 1121 3022 sed
1149 2963 1188 3024 de
1215 2964 1374 3027 miseria

199 3060 347 3136 hominis,
376 3064 570 3143 inquesita
595 3064 754 3123 terrestris
781 3082 842 3123 non
872 3064 1000 3143 amplius
1027 3065 1126 3124 vitalis
1151 3065 1290 3125 habenda
1318 3070 1371 3141 sit,

200 3163 413 3242 explicandum
429 3184 500 3226 esse
515 3164 713 3244 oeuseut⁴¹).
741 3164 808 3225 Neo
830 3167 926 3246 magis
948 3167 1023 3227 licet
1043 3168 1157 3228 verba
1176 3179 1274 3239 mm
1289 3176 1366 3238 mn

286 3400 338 3480 39)
361 3406 422 3462 Vid.
446 3407 529 3462 Sirac.
553 3403 611 3478 25,
634 3403 684 3463 24.
710 3403 783 3478 [32]
809 3360 851 3466 cni
875 3407 925 3484 17,
949 3409 963 3468 1
990 3430 1030 3486 sq.
1060 3428 1112 3470 non
1138 3412 1283 3482 repugnat,
1312 3408 1370 3465 vid.

202 3491 346 3547 Steudol
369 3493 461 3548 Theol.
485 3493 534 3548 des
556 3494 590 3548 A.
614 3494 642 3550 Τ.
665 3511 692 3566 p.
719 3489 778 3551 107
801 3494 864 3569 sq.).
964 3549 967 3553 ,

288 3605 340 3681 41))
368 3610 497 3682 Imprimis
523 3618 600 3667 acute
621 3612 757 3684 vulgarem
784 3615 861 3686 hujus
883 3616 937 3673 loci
964 3615 1207 3688 interpretationem
1229 3612 1374 3684 impugna-

201 3693 240 3750 vit
261 3695 341 3763 Mau,
364 3710 430 3748 vom
455 3690 544 3760 Tude,
567 3692 634 3752 dem
656 3691 749 3754 Soltle
770 3695 964 3756 derSiinden
986 3703 1039 3756 ete.
1066 3697 1157 3756 1841.
1180 3717 1207 3772 p.
1224 3692 1373 3754 56-74.

288 3775 341 3849 41)
369 3778 430 3834 Vid.
453 3781 522 3835 llan
551 3781 569 3836 l.
594 3799 618 3836 o.
648 3800 675 3855 p.
698 3779 739 3839 66
761 3801 802 3856 sq.
826 3815 869 3826 -
905 3781 1003 3851 „Was
1029 3781 1085 3840 der
1112 3781 1184 3859 Res.
1212 3780 1253 3838 im
1281 3778 1375 3839 Silene

201 3859 297 3929 laste,
325 3881 383 3918 war
404 3865 451 3920 das
472 3859 625 3922 Eintreten
646 3865 726 3924 eines
750 3865 932 3936 Zustandes‚
958 3863 1093 3933 welches,
1120 3864 1376 3943 nnbefriedipend

201 3945 268 4005 und
287 3942 415 4023 anseny,
441 3946 497 4004 soie
525 3966 558 4005 er
584 3949 637 4019 ist,
666 3950 707 4008 im
736 3949 935 4011 Veronense
961 3970 997 4009 zu
1024 3949 1080 4008 der
1107 3947 1180 4007 Ides
1207 3948 1261 4006 des
1288 3948 1374 4009 Men-

200 4026 387 4088 sclenlebens
409 4063 449 4074 -
472 4067 516 4076 -
536 4032 621 4093 nieht
641 4035 688 4093 ein
710 4033 812 4095 Leben
833 4056 869 4094 zu
889 4035 1005 4095 neesson
1025 4033 1145 4108 wurdiy
1167 4032 1219 4095 ist,
1241 4035 1375 4094 sorudm

201 4114 253 4173 die
274 4112 463 4192 Vesneinunp
485 4117 550 4177 und
563 4117 832 4195 Abwesefnloeitdes
845 4119 970 4191 Letous,
994 4115 1068 4174 rod.
1098 4114 1134 4171 In
1155 4112 1254 4170 dieser
1273 4113 1375 4179 Weiss

199 4197 252 4279 fiel
271 4197 370 4272 (turult
392 4199 451 4258 den
465 4199 535 4260 Full
553 4208 651 4283 sofort
670 4205 726 4263 der
739 4201 864 4263 Mensolt
886 4203 954 4262 dem
972 4198 1053 4257 Tude
1074 4195 1192 4255 onheim
1214 4204 1290 4258 etc.“
1319 4208 1375 4264 sed

201 4304 298 4344 vooem
320 4297 394 4357 nar]
419 4289 446 4344 in
467 4290 501 4347 V.
525 4293 554 4346 Τ.
583 4294 650 4347 hano
671 4293 725 4346 vim
745 4291 886 4359 habuisse,
914 4286 1021 4362 probari
1044 4301 1098 4342 uon
1119 4295 1218 4360 potest.
1264 4288 1285 4344 Ii
1308 4292 1373 4363 loci,

202 4372 297 4444 quibus
319 4388 349 4426 ea
373 4376 498 4432 translate
520 4378 672 4448 usurpatur,
695 4374 802 4430 omniuo
823 4375 875 4428 huc
897 4389 949 4428 uon
971 4371 1112 4444 pertinent.
1147 4374 1183 4429 lis
1205 4391 1270 4429 vero
1293 4375 1373 4448 locis,

204 4474 275 4529 quos
296 4457 365 4512 lieu
388 4475 423 4515 ex
443 4461 594 4518 Proverbiis
621 4459 721 4529 attulit,
748 4473 817 4513 voce
847 4465 933 4545 nissi
964 4474 1069 4533 semper
1093 4461 1164 4517 bona
1192 4466 1220 4516 et
1246 4459 1325 4517 animi
1346 4470 1375 4519 et

205 4596 371 4670 corporis
394 4605 422 4654 'et
442 4595 599 4671 praesertim
620 4592 730 4667 ipsius
750 4591 845 4650 vitae
867 4596 1048 4656 terrestris
1069 4597 1171 4655 tructus
1192 4598 1373 4669 comprehen-
