3150 5300
712 521 762 595 65

156 727 242 789 simul
263 733 314 788 est
334 727 530 787 imbecillitas
552 734 586 787 et
606 726 766 807 fragilitas,
790 748 880 807 quam
900 729 1003 789 brevis
1024 729 1095 804 vita,
1118 750 1206 808 qnam
1221 727 1319 791 tristis

145 848 218 902 ¹sors
241 836 313 910 post
340 836 471 891 mortem
500 831 661 891 eventura!
705 830 772 890 Hac
794 850 829 891 re
851 851 991 911 magnum
1015 838 1047 893 et
1068 833 1212 893 acerbum
1235 834 1319 895 dolo·

156 952 215 993 rcm
237 932 270 993 in
292 934 413 1012 piorum
435 933 544 992 animis
567 932 695 993 excitari
721 951 852 995 necesse
875 941 933 995 est.
964 969 1005 979 -·
1035 934 1226 996 Patriarcbas
1254 935 1319 1014 qui·

156 1034 220 1096 iem
243 1033 317 1117 (vid.
339 1035 362 1095 l.
385 1036 422 1095 D.
446 1032 491 1113 l.)
513 1053 612 1115 aequo
635 1036 735 1094 animo
758 1035 892 1126 moptem'
912 1042 944 1096 et
965 1037 1082 1098 inferos
1105 1043 1320 1118 exspectantes

156 1138 314 1198 cernimus.
359 1137 448 1198 Freti
470 1138 547 1212 Deo,
570 1138 656 1218 cujus
679 1137 772 1197 fidem
794 1138 855 1217 ipsi
877 1140 996 1218 experti
1018 1145 1104 1212 sunt,
1126 1146 1319 1220 posterorum

97 1317 98 1328 ἵ
154 1240 332 1303 felicitatem
359 1240 433 1300 laeti
461 1240 668 1319 prospiciunt,
697 1245 730 1299 et
750 1240 830 1301 hanc
858 1242 897 1302 ob
921 1260 1042 1302 cansam
1071 1242 1132 1321 ipsi
1158 1243 1235 1302 nihil
1257 1261 1319 1302 am·

99 1327 104 1344 ⁸
154 1343 227 1422 plius
251 1348 375 1415 curant,
404 1342 481 1401 nibil
503 1342 672 1419 requirunt.
716 1342 818 1421 Atque
840 1344 933 1403 etiam
955 1343 1177 1422 posterioribus
1206 1344 1318 1405 seculis

155 1444 283 1506 invitae
304 1444 473 1526 fragilitate
502 1451 535 1507 et
556 1445 708 1505 brevitate
734 1445 796 1505 boc
823 1445 882 1524 piis
910 1444 1117 1507 dulcissimum
1145 1453 1248 1506 manet
1270 1463 1319 1506 so·

152 1546 264 1622 latium,
287 1547 378 1625 quod,
401 1567 493 1626 quum
515 1548 624 1625 singuli
646 1547 811 1622 intereant,
833 1547 971 1626 ipsorum
992 1566 1068 1627 gens
1091 1555 1218 1610 aeterno
1239 1549 1318 1610 flore

153 1650 189 1710 sit
209 1650 359 1730 gavisura.
403 1650 529 1709 Etenim
552 1650 643 1723 Deus,
667 1669 726 1727 qua
747 1655 797 1709 est
818 1650 1001 1710 immutabili
1021 1649 1085 1709 fide
1115 1656 1147 1710 et
1168 1652 1317 1727 bonitate,

151 1770 202 1830 per
224 1752 327 1811 omnia
348 1753 453 1812 secula
473 1752 623 1830 promissa
644 1752 687 1812 ita
709 1758 759 1812 est
781 1758 956 1813 servaturus
977 1751 1048 1832 (Ps.
1074 1748 1149 1827 103,
1174 1750 1224 1814 17.
1247 1754 1317 1815 coll.

150 1848 198 1930 ll),
223 1853 252 1916 l.
277 1850 349 1933 16),
370 1862 419 1928 ut,
442 1855 503 1915 etsi
525 1860 608 1914 terra
629 1856 810 1933 coelumque
832 1854 958 1930 ruerint,
981 1855 1145 1935 progenies
1162 1856 1317 1936 justorum

150 1957 308 2018 incolumis
331 1958 372 2017 sit
392 1977 534 2017 mansura
556 1955 621 2035 (Ps.
639 1954 711 2032 102,
733 1952 886 2035 27-29).
904 1992 949 2050 s-
973 1956 1090 2018 Verum
1111 1958 1160 2017 bis
1183 1978 1242 2018 non
1266 1977 1317 2019 ex·

149 2062 271 2140 plentur
293 2060 447 2120 desideria
468 2060 598 2138 piorum,
621 2059 673 2138 qui
689 2060 756 2139 jam
778 2060 869 2120 altius
884 2065 1026 2139 spectare
1042 2065 1210 2139 coeperunt
1225 2064 1317 2139 etque

150 2164 363 2225 aeternitatem
385 2162 424 2222 ad
446 2181 480 2222 se
502 2162 660 2241 pertinere
682 2162 828 2222 sentiunt.
858 2163 971 2223 Mortis
993 2163 1232 2223 contemtionem
1247 2182 1317 2241 pro-

149 2267 195 2326 cul
216 2267 348 2339 babent,
375 2265 469 2324 immo
491 2284 563 2324 vero
586 2283 691 2324 eorum
720 2265 829 2324 animis
852 2265 962 2345 ingens
989 2265 1145 2325 interdum
1172 2265 1318 2346 objicitur
1422 2287 1445 2367 *⁸

148 2375 248 2430 metus
278 2374 369 2446 atque
392 2367 494 2443 dolor,
522 2368 575 2427 ubi
597 2368 808 2442 considerant,
837 2368 928 2447 bajus
950 2368 1044 2442 lucis,
1074 2388 1134 2447 qua
1155 2369 1222 2447 jam
1242 2367 1318 2427 laeti

147 2470 305 2544 bunntnr,
338 2489 408 2529 mox
435 2470 503 2530 fore
525 2470 635 2543 finem,
663 2474 696 2528 et
717 2469 926 2529 tristissimam
955 2476 1072 2529 sortem
1101 2470 1161 2529 sibi
1181 2475 1317 2549 paratam

148 2592 218 2634 esse
241 2572 322 2654 apud
343 2572 461 2632 inferos
484 2568 552 2655 130).
596 2570 685 2648 Quod
700 2590 768 2631 ‘non
790 2571 960 2647 miraberis,
983 2572 1011 2632 si
1031 2572 1236 2652 reputaveris,
1263 2590 1318 2631 cur

145 2677 304 2739 terrestris
325 2677 386 2736 rita
406 2682 523 2736 tanturn
546 2675 638 2755 pretii
660 2675 719 2755 piis
739 2674 887 2735 israelitis
908 2676 1061 2736 babuerit.
1091 2676 1186 2736 Beata
1206 2675 1245 2736 iis
1267 2680 1318 2736 est

144 2779 175 2838 in
197 2779 258 2838 bac
280 2777 342 2837 rita
364 2778 564 2838 communitas
587 2797 655 2838 cum
677 2776 758 2850 Deo,
787 2777 874 2858 cujus
896 2797 1008 2839 numen
1035 2797 1096 2838 non
1117 2797 1174 2858 per
1195 2777 1316 2858 conjec-

144 2887 244 2941 turam
266 2880 409 2953 scrutati,
439 2879 494 2941 sed
516 2880 577 2940 aim
600 2886 634 2941 et
653 2880 824 2939 bonitatem
846 2899 881 2941 re
903 2885 994 2960 atque
1016 2899 1073 2940 usu
1095 2880 1215 2958 experti
1235 2885 1316 2953 sunt,

144 3003 237 3062 quem
260 2983 373 3059 colere,
396 3002 456 3060 quo
477 2983 611 3062 gaudere
634 3001 784 3043 summum
807 2983 920 3043 bonum
943 2982 1118 3043 existimant
1140 2979 1215 3057 ¹³¹):
1237 3001 1316 3059 quae

146 3085 250 3146 omnia
270 3090 371 3145 morte
392 3091 582 3164 rumpuntur.
619 3084 700 3144 Hinc
722 3084 775 3145 ille
798 3089 935 3163 questus,
956 3083 1048 3162 quod,
1070 3089 1105 3143 ut
1125 3083 1248 3143 Hislias
1271 3083 1315 3142 di-

197 3312 199 3317 '
229 3300 304 3384 130)
327 3311 396 3367 Sane
418 3328 470 3368 non
493 3311 589 3383 minas,
612 3329 689 3384 quam
709 3310 875 3368 Patriarchac
898 3310 1027 3385 decrepiti
1042 3317 1154 3369 mortem
1169 3317 1197 3367 et
1211 3310 1316 3366 inferos·

149 3403 257 3469 exoptat
275 3398 370 3463 lobus,
393 3398 490 3470 quippe
513 3399 556 3454 cui
577 3397 649 3453 vitae
671 3397 806 3453 terrestris
827 3399 1020 3471 propagatione
1042 3398 1078 3453 nil
1100 3397 1151 3453 nisi
1174 3396 1312 3452 calamita·

147 3487 190 3537 tes
209 3481 347 3539 videantur
367 3483 537 3539 hauriendae.
573 3482 600 3538 ls
621 3484 765 3555 perbeatos
788 3483 922 3539 existimat
943 3491 1071 3553 mortuos,
1095 3484 1139 3554 qui
1162 3481 1308 3538 exanclatis

143 3567 214 3624 vitae
235 3569 371 3625 laboribus
389 3569 444 3638 jam
465 3569 535 3641 apud
556 3567 657 3624 inferos
678 3568 833 3640 quiescunt,
857 3569 916 3639 ubi,
939 3569 1013 3641 quasi
1035 3571 1177 3640 inportu,
1201 3573 1228 3623 ct
1249 3567 1308 3639 ipse

142 3653 292 3726 perfugium
313 3670 344 3709 se
365 3653 531 3709 inventurum
552 3645 665 3709 laetatur
686 3649 727 3725 (3,
752 3647 791 3708 13
807 3653 870 3728 sq,).
900 3653 1077 3710 Veruntamen
1100 3668 1133 3707 ne
1154 3652 1225 3709 Jobo
1247 3652 1311 3723 qui-

143 3737 222 3807 dem,
250 3756 327 3809 quum
348 3744 458 3813 expetat
479 3745 590 3794 mortem
613 3756 627 3795 a
650 3738 724 3794 malis
746 3755 799 3794 non
821 3756 835 3793 a
857 3739 935 3795 bonis
957 3740 1148 3808 obducentem,
1171 3737 1228 3810 ipsu
1250 3754 1311 3794 sors

142 3828 208 3895 post
230 3829 340 3878 mortem
360 3824 460 3896 futura,
492 3824 515 3881 si
538 3841 597 3879 cum
618 3824 690 3881 vitae
712 3825 771 3880 luca
794 3840 851 3879 eam
874 3824 1085 3897 comparaveris,
1114 3839 1205 3895 parum
1227 3822 1311 3878 tristis

144 3907 259 3964 videtur.
303 3907 399 3980 Immo,
427 3926 505 3983 quem
526 3911 616 3965 locum
637 3909 734 3982 quietis
756 3909 953 3984 placatissimae
975 3911 1081 3984 plenum
1103 3902 1310 3978 existimaverat,

145 4009 206 4048 eum
227 4007 320 4068 rursus
343 3995 447 4066 etipse
470 4001 498 4051 ut
519 3994 720 4051 lormidolosum
742 4000 820 4066 atque
841 3995 995 4052 horribilem
1018 3993 1168 4051 extimescit
1189 3992 1235 4066 (G.
1261 3990 1309 4048 14.

146 4084 174 4132 et
194 4077 250 4146 ab).
295 4077 335 4134 Cf.
359 4077 443 4136 Simo.
465 4077 517 4151 tl,
540 4075 618 4153 3sq.
642 4080 704 4136 coll.
730 4076 758 4135 l.

232 4190 304 4268 131)
332 4197 404 4254 llaec
426 4206 469 4256 est
490 4216 585 4270 causa,
615 4216 662 4256 cur
681 4199 744 4254 Vct.
767 4198 961 4254 Testamentum
982 4197 1064 4252 vitam
1084 4197 1198 4253 hominis
1221 4203 1310 4252 terre·

143 4289 228 4338 strcm
250 4280 317 4337 tanti
338 4283 476 4355 aestimet,
498 4292 543 4357 ut,
565 4301 633 4358 quae
654 4285 725 4340 inter
745 4282 862 4340 Graecos
885 4283 1009 4355 frequens
1031 4282 1148 4339 oceunit
1168 4282 1309 4352 sententia,

142 4369 303 4440 „rrpmpfcv
331 4365 404 4424 alvos
429 4371 478 4425 τὸν
498 4372 561 4442 βίον
587 4369 635 4426 καὶ
656 4366 746 4439 ἀρχὴν
766 4367 797 4426 τὸ
819 4367 950 4439 γενέσθαι
978 4363 1132 4434 ἄνθρωπον
1159 4363 1320 4436 συμφορὰν·

140 4455 192 4523 τὴν
215 4444 368 4524 peplorum-⁶
390 4454 695 4529 (Plutarcb.-consol.
719 4454 752 4510 ad
773 4454 862 4526 Apoll.
887 4453 917 4509 C.
940 4448 1009 4523 27),
1033 4469 1067 4508 ea
1090 4470 1104 4508 a
1125 4452 1188 4507 Vet.
1211 4452 1308 4507 Testa·
1345 4458 1348 4463 '

141 4545 231 4594 mento
257 4538 294 4595 sit
316 4541 394 4613 plane
424 4538 510 4595 aliena
537 4538 678 4616 (exceptis
706 4539 861 4612 quibusdam
888 4538 1015 4596 librorum
1036 4537 1098 4594 tobi
1127 4544 1155 4594 ct
1175 4536 1307 4593 llobcletb

140 4622 236 4693 locis).
389 4643 392 4648 ·
1182 4678 1186 4693 ,

1105 4714 1137 4775 ἶ)
