3150 5300
757 498 810 572 24

205 719 277 784 we
296 713 431 796 euntis
452 705 592 771 nonnulla
612 704 706 763 verba
726 701 848 763 diverso
870 700 961 761 modo
984 701 1128 780 explicari
1149 699 1282 778 possint,
1306 699 1367 759 uni·

205 817 286 884 tetri
306 829 409 880 tuen
430 808 582 873 sententia
603 805 793 866 hauddubie
814 811 864 865 est
884 805 978 865 haec:
1001 804 1179 883 spiritum
1199 801 1366 862 divinum

204 919 244 988 is
270 916 488 982 hominibus
518 916 736 971 versantem
768 928 837 989 per
864 914 1028 987 peccata
1057 926 1183 967 eornm
1210 902 1367 975 violari,

203 1037 241 1090 et
269 1022 320 1084 ite
347 1016 456 1088 fieri,
484 1019 522 1074 nt
548 1012 721 1071 homines
750 1011 914 1071 sanitati
943 1016 982 1071 et
1009 1007 1247 1089 fragilitati,
1276 1024 1368 1084 qnae

203 1120 329 1188 earnis
355 1124 491 1178 natura
517 1114 584 1188 sit,
612 1114 772 1175 obnoxii
795 1108 1023 1188 evadant⁴⁸).
1045 1146 1089 1158 -
1111 1111 1316 1188 Numquam,
1337 1111 1369 1168 nt

202 1240 294 1302 rupes
315 1220 523 1300 exposuimus,
553 1234 591 1275 ex
619 1215 728 1294 spiritu
750 1214 851 1273 divino
873 1227 953 1288 nro:
982 1213 1114 1272 hominis
1136 1217 1289 1292 perpetuo
1311 1211 1368 1269 vim

202 1322 323 1386 sitalem
345 1322 463 1394 trahat,
485 1337 546 1378 non
567 1322 671 1396 potest
693 1335 753 1375 non
774 1316 859 1389 fieri,
883 1322 918 1375 ut
940 1314 1086 1394 quidquid
1107 1316 1139 1375 in
1159 1314 1289 1375 homine
1312 1312 1369 1392 spi-

201 1424 279 1488 ritus
301 1424 393 1484 divini
416 1419 587 1481 efficaciam
608 1419 738 1498 impedit
759 1424 793 1480 et
814 1418 976 1492 imminuit,
1000 1418 1082 1478 idem
1105 1417 1223 1477 animae
1244 1415 1310 1475 vim
1331 1414 1370 1474 vi·

200 1526 294 1588 telem
317 1531 349 1586 et
370 1525 464 1584 robur
485 1522 640 1601 infringat.
654 1555 697 1566 -
717 1519 848 1581 Prorsus
871 1520 994 1599 quidem
1017 1519 1156 1582 efficacia
1177 1518 1306 1597 spiritns
1328 1515 1370 1577 di-

200 1627 262 1690 vini
283 1632 412 1708 peccato
434 1644 494 1685 non
516 1623 621 1683 statim
642 1623 770 1697 tollitur,
793 1629 859 1683 tum
881 1622 962 1682 enim
984 1623 1077 1681 homo
1099 1638 1231 1700 peccans
1254 1625 1370 1681 ertem-

199 1729 253 1810 plo
275 1729 431 1789 desineret
452 1727 570 1799 vivere3
597 1725 653 1785 sed
674 1725 735 1785 hoe
757 1725 851 1784 verba
872 1724 893 1784 l.
917 1744 942 1784 o.
967 1725 1138 1797 declarant,
1168 1741 1247 1782 sem
1253 1722 1371 1801 piter-

201 1849 283 1893 nam
306 1830 430 1909 spiritus
446 1828 662 1894 efficacitatem
685 1832 924 1906 perpetratum
945 1827 1022 1900 tolli,
1045 1828 1088 1886 ita
1109 1831 1143 1885 ut
1163 1825 1257 1885 homo
1280 1826 1372 1886 eitius

200 1932 379 1997 interiturus
402 1931 452 1991 sit.
495 1930 569 1992 inde
597 1937 698 1990 autem
727 1929 818 1990 simul
840 1934 983 2009 apparet,
1013 1949 1067 1988 our
1089 1928 1211 1987 omnino
1237 1927 1372 1988 hominis

199 2035 350 2115 pravitate
371 2033 481 2099 inieoti
501 2033 689 2112 sempiterna
716 2031 748 2092 in
769 2032 830 2092 hoe
853 2051 982 2111 corpore
1003 2050 1064 2091 non
1086 2030 1185 2110 possit
1206 2029 1269 2089 vita
1290 2049 1371 2106 esse,

200 2134 233 2196 h.
257 2156 285 2196 e.
309 2154 467 2204 curmors
489 2140 522 2196 et
543 2140 703 2215 peceatum
725 2134 900 2196 necessario
915 2135 1034 2195 iineulo
1056 2134 1138 2194 inter
1159 2152 1193 2193 se
1215 2133 1280 2194 sint
1300 2153 1372 2194 eon·

194 2237 313 2318 juncta

252 2394 276 2400 ..-
285 2393 333 2400 -..

285 2529 339 2608 48)
361 2534 433 2589 llaec
454 2532 569 2590 exsistet
589 2534 730 2605 sententia,
753 2535 812 2590 sive
831 2535 918 2594 locum
940 2535 1072 2591 laudatum
1094 2533 1270 2607 explicaveris
1292 2534 1372 2611 „spi-

199 2615 274 2675 rltas
300 2632 381 2679 naeus
402 2633 462 2674 non
483 2614 659 2695 repandit
683 2616 715 2675 in
735 2613 902 2677 horninibus
924 2617 956 2676 in
978 2622 1147 2676 aeternorn‘
1170 2617 1216 2694 (el.
1230 2620 1373 2678 Dettin-

199 2721 270 2776 ger,
293 2701 358 2760 liib.
383 2705 513 2760 Zeitsehr.
539 2699 630 2761 1835.
658 2707 679 2760 l.
701 2724 728 2779 p.
752 2700 827 2780 Ἠ),
855 2707 913 2761 sive
935 2704 976 2778 (ut
998 2706 1087 2762 Tuch
1110 2712 1137 2762 et
1159 2706 1205 2782 al.)
1228 2704 1373 2782 „spiritus

200 2805 282 2844 aneas
303 2804 363 2843 non
384 2783 677 2845 humiliabitur.“
709 2788 771 2847 Utra
793 2791 976 2863 interpretatio
998 2791 1168 2847 anteferenda
1190 2791 1234 2862 sit,
1256 2793 1303 2847 vix
1325 2793 1372 2848 di-

198 2874 312 2944 judicari
333 2874 441 2945 poterit.
463 2904 507 2916 -
527 2875 556 2929 ln
579 2875 750 2946 sequentibus
772 2885 825 2932 non
848 2877 940 2932 dubito
961 2877 1023 2948 quin
1046 2889 1112 2945 mn
1136 2878 1285 2947 adnomen
1309 2878 1373 2932 eol-

199 2959 324 3015 leetivmn
348 2969 425 3028 m&
450 2959 617 3015 referendum
640 2961 684 3015 sit.
729 2960 781 3015 Vix
810 2977 920 3032 vereor,
948 2978 983 3018 ne
1010 2961 1131 3032 cuiquam
1158 2963 1261 3036 placeat
1286 2962 1371 3018 Hos-

200 3044 310 3101 manni
331 3041 526 3117 (Weissagung
548 3045 600 3100 und
621 3045 760 3117 Erliillung
789 3047 817 3101 T.
845 3044 871 3101 1.
894 3066 922 3119 p.
946 3042 1009 3121 87.)
1041 3054 1149 3118 mm]
1173 3048 1205 3102 ad
1227 3048 1296 3102 lilios
1318 3047 1370 3103 Dei

200 3135 229 3186 et
250 3141 319 3198 &pn
350 3129 383 3183 ad
411 3129 531 3200 spiritum
552 3129 693 3185 referentis
723 3131 920 3202 interpretatio:
965 3129 1022 3196 „in
1047 3124 1107 3187 120
1127 3125 1239 3189 ‚lairen
1259 3123 1317 3183 soll
1335 3145 1369 3182 es

200 3228 256 3268 aar
276 3227 347 3288 sepa
368 3209 420 3267 mit
441 3210 509 3269 dem
524 3208 890 3289 nimetenqescttecttes
921 3211 1011 3271 Denn
1033 3213 1075 3273 da
1096 3214 1171 3272 arrein
1191 3211 1223 3269 in
1243 3205 1365 3266 demsei·

201 3292 256 3353 den
277 3291 438 3353 wattender
455 3290 541 3354 Geist
553 3294 651 3354 darell
665 3297 716 3355 die
738 3295 901 3375 Verianunp
922 3297 979 3356 der
1001 3281 1148 3376 [γηῇκη
1172 3304 1229 3367 ³32
1246 3289 1369 3352 Fieiscd

199 3379 252 3448 ist,
280 3398 313 3437 ro
334 3377 391 3437 roll
411 3399 443 3437 er
465 3378 613 3457 aufltdnen
640 3383 672 3437 in
693 3379 753 3438 ihm
779 3401 815 3440 zu
835 3380 950 3442 waltere.
994 3381 1089 3462 Folpe
1108 3399 1165 3441 oon
1186 3379 1241 3440 der
1269 3377 1369 3438 Veris-

199 3482 277 3542 rnny
299 3464 354 3522 der
377 3446 525 3540 ῃηηβκη
551 3478 609 3538 ⁶2]
633 3467 749 3546 warja
771 3466 823 3530 dte
847 3464 961 3528 Gebnrt
980 3469 1035 3528 der
1059 3478 1200 3541 ntem),
1221 3483 1291 3535 asar,
1312 3464 1370 3522 wie

199 3549 257 3610 mir
278 3546 405 3616 doeens,
427 3546 506 3606 wohl
525 3568 559 3608 so
581 3551 783 3628 ouryedrrtelrt
804 3553 922 3612 warrlen
944 3553 1066 3628 temate,
1088 3553 1144 3612 der
1168 3548 1253 3612 Geist
1271 3550 1315 3608 rei
1337 3551 1371 3607 in

199 3630 321 3694 sontes
335 3633 423 3692 selbst
442 3631 562 3692 stenen
580 3635 758 3713 μηνυτῶν(
774 3672 815 3682 -
838 3642 902 3697 mira
924 3659 987 3702 sane
1010 3641 1121 3713 locutio,
1145 3657 1212 3717 qnae
1234 3657 1268 3695 ne
1292 3638 1371 3694 unius

201 3720 306 3792 quidem
328 3722 381 3777 loci
404 3722 561 3777 auctoritate
582 3724 687 3796 probari
709 3732 809 3797 potest.
832 3756 876 3766 -
896 3725 984 3782 Verba
1007 3734 1088 3794 ww]
1115 3737 1182 3793 &tn
1209 3723 1370 3797 significant,

200 3805 263 3876 quid
285 3822 319 3860 ex
340 3806 458 3878 peccatis
480 3807 629 3880 hominum,
659 3810 778 3881 spiritum
801 3811 917 3866 divinum
938 3808 1098 3868 violantibus
1127 3816 1371 3889 consequatur,

199 3890 262 3947 illos
287 3891 391 3947 seilicet
414 3892 469 3962 jam
497 3894 582 3948 earnis
608 3895 745 3967 fragilitati
772 3896 910 3966 subjectos
932 3897 998 3954 fieri.
1043 3894 1130 3950 Aliter
1150 3895 1231 3968 rerba
1254 3894 1373 3965 explieat

199 3975 467 4048 Hengstenberg
489 3975 623 4051 (Beitrige
645 3998 668 4035 z.
691 3982 759 4037 Einl.
783 3981 835 4036 in's
857 3982 890 4037 Α.
914 3982 943 4036 Τ.
966 3982 995 4037 Τ.
1012 3980 1044 4035 11.
1068 3994 1094 4050 p.
1119 3973 1202 4050 3⁶29):
1225 3971 1279 4044 „In
1302 3975 1372 4034 dem

198 4055 361 4121 Menscten
389 4054 445 4119 soil
468 4054 571 4120 Gottes
595 4057 679 4123 Geirt
703 4060 787 4123 nicht
810 4064 914 4139 fernes
942 4058 1073 4131 stetten,
1100 4054 1184 4114 weil
1209 4055 1260 4117 die
1285 4056 1371 4118 Men-

198 4139 289 4200 roten
309 4141 374 4202 sict
396 4141 441 4202 als
462 4141 589 4220 Ferret,
611 4145 740 4224 unfliiip
760 4144 827 4206 sicle
848 4143 945 4204 duret
971 4140 1073 4202 Gottes
1090 4135 1177 4199 Geist
1197 4138 1312 4199 bessern
1335 4165 1371 4203 ιιι

198 4223 305 4300 tarsen,
333 4227 418 4287 lund
440 4228 602 4307 yeyebenf‘
645 4235 699 4290 Sed
719 4234 756 4290 ita
783 4232 915 4289 vocabulo
936 4238 1020 4300 ηις]
1048 4228 1207 4300 significatio
1236 4229 1370 4303 tribuitur,

199 4332 266 4386 qnae
288 4315 315 4372 in
337 4316 397 4373 Vet.
420 4318 581 4380 Testamenti
602 4319 675 4375 libris
696 4317 804 4374 omnino
826 4314 918 4390 (etiem
939 4315 1034 4370 llohel.
1051 4309 1080 4385 2,
1105 4308 1133 4373 3.
1159 4312 1187 4387 5,
1211 4312 1256 4390 5.)
1279 4317 1311 4370 ab
1334 4334 1369 4374 eo

198 4406 243 4457 est
263 4401 356 4457 aliena.
399 4402 489 4459 Potius
516 4421 570 4460 vox
596 4412 678 4474 'tm
709 4403 761 4461 lroe
788 4402 850 4456 loeo
879 4399 989 4458 eandem
1016 4398 1068 4461 vin
1096 4401 1192 4474 habet,
1221 4407 1250 4456 nt
1275 4400 1301 4455 in
1325 4403 1366 4459 Ps.

198 4478 250 4555 78,
274 4481 323 4543 39.
347 4488 402 4544 les.
427 4487 477 4560 lo,
501 4484 530 4544 6.
555 4495 582 4544 et
603 4487 637 4545 al.
