3150 5300
703 553 755 627 69

141 757 214 819 dem
242 760 437 828 clementiam
463 779 499 820 ac
528 759 769 822 misericordiam
796 762 1017 841 implorandam
1044 780 1124 824 esse.
1161 758 1233 839 (l’s.
1255 752 1307 830 39,

140 856 247 940 lisqq.
270 861 330 935 Cf,
354 882 430 941 quac
452 862 617 942 Elipbasu's
638 864 717 924 dobo
739 864 849 925 suadet
870 862 900 940 5,
916 861 937 926 8
952 884 1018 944 sqq.
1035 869 1068 926 et
1081 864 1143 943 al.).
1165 896 1208 908 -
1229 857 1310 935 Quid

141 981 226 1038 vero,
250 983 341 1041 quum
363 965 507 1023 miseriae
529 982 653 1042 semper
675 969 832 1039 crescunt,
856 984 947 1043 quum
969 966 1031 1045 pii,
1051 965 1161 1025 nullius
1182 959 1309 1023 sceleris

142 1066 204 1126 sibi
225 1067 352 1141 conscii,
374 1067 628 1146 singularium
651 1067 855 1127 calamitatum
876 1068 989 1128 ictibus
1004 1068 1113 1128 afflicti
1134 1068 1166 1127 in
1187 1065 1308 1141 singu·

143 1168 238 1228 laris
264 1168 422 1246 nequitiae
449 1153 655 1247 suspicionem
682 1170 857 1245 incurrunt,
891 1170 1109 1249 suppliciorum
1141 1157 1242 1229 autem
1270 1162 1310 1223 de

142 1270 293 1350 improbis
325 1271 542 1331 sumendorum
574 1272 764 1350 exspectatio
798 1272 891 1332 etiam
925 1276 1017 1351 atque
1049 1271 1142 1332 etiam
1174 1266 1309 1330 fallitur‘l

146 1371 234 1433 'lunc
256 1374 368 1433 acerba
390 1374 526 1433 exoritur
547 1374 750 1452 expostulatio
773 1393 842 1434 cum
864 1374 946 1434 Deo:
980 1393 1082 1447 „cun
1103 1371 1228 1443 Jcbooa,
1250 1375 1311 1428 stas

147 1475 175 1534 is
187 1473 361 1557 lonqinquo,
376 1474 510 1536 o‘cmdtas
523 1482 552 1535 tc
566 1474 745 1536 calamitatis
759 1476 959 1556 tccproribos?
981 1474 1214 1557 quamobrem
1228 1490 1310 1549 spec-

143 1578 187 1636 nit
205 1576 360 1656 improbas
380 1576 488 1648 Derim,
510 1585 540 1638 ct
559 1579 638 1639 dicit
656 1580 688 1638 in
710 1580 817 1654 corde,
845 1585 874 1639 tc
893 1597 953 1638 non
976 1597 1038 1637 csse
1055 1573 1310 1659 judicaacmrn?“

145 1678 206 1758 (Pa.
232 1677 283 1757 111,
306 1676 334 1738 l.
358 1674 409 1739 13.
432 1680 501 1740 coll.
523 1680 637 1741 decem.
662 1676 713 1756 l2,
737 1676 765 1740 l.
787 1680 857 1742 Job.
879 1677 931 1756 2l,
953 1678 985 1740 7.
1000 1684 1032 1739 et
1047 1677 1109 1757 al).
1141 1659 1310 1754 Praecipue

145 1780 203 1843 buc
225 1786 348 1860 spectat
369 1779 420 1841 Ps.
443 1776 495 1842 39.
539 1782 613 1857 Diu,
635 1787 720 1843 vates
742 1782 795 1860 ait,
817 1802 862 1858 se,
886 1802 977 1861 quum
999 1782 1219 1843 sceleratorum
1240 1777 1309 1837 feli-

146 1884 270 1944 citatem
292 1884 514 1962 conspexisset,
537 1885 738 1945 vehementes
754 1885 846 1945 animi
861 1889 962 1944 motus
977 1883 1164 1958 cohibuisse,
1185 1898 1310 1941 uacum

144 1986 210 2047 Deo
231 1986 459 2066 expostularem
476 1988 542 2067 jam
562 2005 637 2047 vero
659 1987 765 2048 dolore
787 2004 823 2047 se
844 1985 921 2049 adeo
943 1986 1104 2059 exarsisse,
1126 1989 1161 2045 ut
1182 1982 1310 2061 amplius
1389 1996 1392 2001 ’

145 2088 266 2169 bbguae
287 2094 463 2168 temperare
484 2107 544 2147 non
566 2088 665 2167 possit
686 2092 727 2167 (v.
750 2086 881 2167 2-4.).
925 2088 995 2149 Non
1016 2088 1083 2148 sine
1105 2087 1216 2147 acerba
1236 2102 1310 2162 quo·

145 2190 213 2251 dam
234 2191 333 2251 ironia
354 2210 372 2250 a
393 2192 459 2251 Deo
481 2191 613 2270 flagitat,
636 2191 772 2252 atritas
793 2191 959 2252 terminum
981 2191 1041 2251 sibi
1060 2188 1192 2263 indicet,
1219 2186 1310 2247 simul

144 2294 222 2354 vitae
244 2293 395 2353 humanae
416 2293 601 2354 brevitatem
623 2293 653 2353 ei
676 2295 874 2373 exprobrans.
897 2296 936 2371 (v.
959 2291 1054 2354 5-7.
1076 2290 1134 2372 ¹³⁷)
1171 2290 1219 2351 uf.
1240 2289 1308 2351 Job.

143 2393 172 2470 7,
194 2394 226 2456 7.
255 2392 302 2471 14,
326 2392 428 2475 lsqq.
453 2391 503 2470 16,
525 2392 609 2474 22).
636 2429 680 2441 —
708 2396 809 2472 Quid?
836 2395 874 2455 ad
896 2415 964 2456 eam
989 2394 1236 2474 desperationem
1258 2382 1309 2451 ad-

142 2499 213 2560 duci
233 2504 340 2577 potest
360 2498 439 2577 pius,
461 2504 504 2571 ut,
527 2497 674 2577 quidquid
696 2497 808 2558 dallei
828 2498 902 2573 fide,
919 2498 1051 2578 justitia,
1075 2497 1224 2576 sapientia
1238 2513 1308 2574 per-

142 2620 264 2662 suasum
286 2601 446 2676 babuerat,
469 2599 507 2660 ad
528 2605 650 2680 tempus
672 2601 763 2681 plane
785 2601 922 2683 abjicere
944 2604 1074 2662 conetur
1102 2598 1163 2678 (ci.
1185 2598 1253 2659 Job.
1276 2592 1308 2672 9,

143 2702 181 2764 11
199 2705 276 2783 sq.).
320 2704 399 2765 Tum
421 2723 494 2764 vero
515 2704 612 2783 ipsius
634 2705 731 2779 vitae,
753 2724 833 2782 quae
853 2705 911 2765 Dei
933 2705 1106 2783 praesentis
1128 2722 1163 2762 ac
1185 2699 1309 2780 propitii

140 2807 239 2888 gratia
261 2810 293 2865 et
315 2806 411 2867 tutela
432 2811 544 2877 careat,
566 2807 681 2866 nullum
702 2807 831 2885 amplius
853 2807 987 2887 pretium
1008 2824 1081 2866 esse
1100 2803 1229 2864 videtur.
1252 2800 1308 2882 (ci.

141 2908 193 2970 Ps.
215 2903 268 2984 63,
291 2905 321 2969 d.
345 2915 377 2968 et
399 2909 467 2986 al.).
510 2910 596 2969 Haec
618 2909 811 2988 potissimum
833 2914 883 2970 est
904 2927 1010 2982 causa,
1033 2926 1088 2968 cur
1109 2907 1204 2966 lobus
1226 2905 1308 2964 diem

140 3012 275 3072 natalem
302 3016 482 3072 exsecretur
508 3017 542 3071 et
567 3012 690 3071 omnino
717 3029 752 3072 se
780 3029 935 3089 uunquam
961 3010 1073 3071 vixisse
1101 3009 1187 3069 malit
1220 3006 1307 3086 (Job.

142 3114 177 3176 0.
199 3109 231 3174 3.
254 3113 323 3174 coll.
345 3113 459 3173 leram.
482 3109 535 3188 20,
560 3109 709 3191 14-18).

226 3211 263 3294 4)
289 3215 415 3276 Habent
441 3216 566 3294 quidem
590 3216 656 3296 jam
683 3216 739 3275 sub
768 3213 840 3276 Vet.
869 3214 1070 3275 Testamenta
1097 3213 1142 3293 pii
1167 3211 1308 3273 homines

143 3317 256 3395 aliquid
277 3318 442 3398 cognitum,
465 3337 524 3397 quo
546 3318 598 3379 hic
620 3317 718 3378 nodus
739 3317 929 3396 aliquatenus
950 3315 1090 3396 expediri
1104 3315 1212 3396 possit,
1233 3311 1309 3374 illud

229 3538 301 3618 137)
324 3543 370 3600 Sic
391 3543 660 3618 chgstenbcrg
681 3543 794 3619 (comm.
817 3544 844 3602 in
864 3544 908 3600 Ps.
930 3544 960 3600 T.
983 3543 1016 3600 Π.
1039 3561 1065 3616 p.
1089 3536 1151 3598 305
1167 3540 1256 3615 squ),
1279 3548 1309 3597 ut

141 3628 205 3685 mihi
224 3630 333 3686 videtur
352 3629 502 3685 rectissimo
523 3631 601 3700 hujus
622 3630 676 3686 loci
697 3631 827 3687 rationem
848 3628 1000 3702 explicavit.
1029 3621 1091 3694 „Es
1112 3624 1153 3684 ist
1171 3621 1308 3683 sobrcck·

140 3708 211 3774 licit.
232 3731 318 3769 wcnn
339 3711 407 3771 dem
428 3728 530 3768 armen
544 3709 705 3771 Menscban
725 3713 790 3772 scin
810 3711 912 3772 lcurzes
933 3710 998 3770 acad
1015 3707 1171 3788 fldcbtipes
1188 3707 1310 3788 Daraya

141 3791 222 3853 raocb
242 3813 276 3852 sc
297 3796 449 3857 cerbittart
467 3794 553 3866 ooird,
575 3797 647 3857 daos
669 3798 786 3857 crocia
807 3795 895 3856 Eudo
916 3794 1057 3855 crsclmeu
1078 3803 1185 3854 musr.“
1201 3829 1241 3838 -
1257 3798 1309 3853 Sa-

143 3883 178 3940 tis
193 3881 363 3955 perspicuum
383 3893 434 3956 est,
457 3885 561 3940 demum
582 3902 609 3941 v.
626 3881 655 3942 8.
672 3887 698 3941 b.
721 3892 827 3960 poetam
850 3883 1001 3942 exacerbati
1022 3883 1101 3939 animi
1116 3889 1218 3938 aestum
1232 3899 1309 3938 com-

142 3983 266 4042 pescere.
307 3967 425 4037 (Dixerat
445 3969 521 4027 initio
542 3971 668 4026 versiculi
690 3967 736 4026 8.:
758 3965 857 4048 „quid
875 3967 969 4045 ipitar
989 3984 1077 4043 spero
1099 3964 1247 4031 dominc,“
1268 3983 1307 4021 sc.

144 4070 223 4123 quum
244 4059 273 4108 tu
295 4051 359 4107 mihi
380 4053 438 4126 ipse
460 4073 535 4129 spem
556 4055 728 4128 praecideris.
773 4057 837 4112 Tum
859 4055 946 4110 subito
968 4053 1078 4126 pristina
1101 4053 1195 4108 fiducia
1218 4067 1309 4108 erum-

143 4137 197 4210 pit:
210 4134 276 4202 ',‚in
297 4141 331 4193 tc
351 4136 482 4214 reposito
504 4143 549 4197 cst
567 4156 636 4216 spes
658 4137 778 4212 mco.“)
823 4141 942 4197 Aliorum
963 4138 1125 4209 quorundam
1146 4138 1309 4208 interpreta-

144 4222 233 4278 tiones
247 4223 360 4295 probarc
380 4242 433 4281 uon
447 4244 566 4300 possum.
588 4227 619 4282 Ε.
636 4244 664 4298 g.
680 4227 807 4282 deter
828 4226 896 4281 hanc
917 4223 1109 4279 versiculorum
1125 4218 1217 4277 5-8.
1242 4239 1308 4278 sen-

141 4308 252 4366 centiam
273 4325 334 4364 csse
356 4319 462 4367 censet:
490 4305 623 4378 ‚deltoou
644 4305 705 4366 lass
726 4305 805 4365 micb
826 4306 877 4366 dic
897 4303 1085 4383 Nicbtiplrcit
1104 4303 1158 4362 des
1179 4301 1308 4361 menocle-

141 4389 240 4450 licbcn
261 4388 400 4472 Doseyas
422 4390 568 4451 atenaco
591 4397 635 4467 (v.
660 4392 688 4451 5.
712 4391 775 4465 6.),
798 4390 895 4452 damit
913 4389 963 4449 ich
985 4387 1064 4448 micio
1084 4407 1119 4447 zu
1140 4388 1190 4447 dir
1211 4384 1311 4445 aalma

143 4480 180 4552 (v.
204 4475 234 4536 7.
257 4475 312 4552 8.),
335 4480 418 4552 prima
439 4481 521 4535 verba
541 4481 667 4539 versiculi
689 4475 719 4537 8.
742 4480 778 4536 ita
801 4479 951 4553 explicans:
979 4474 1134 4545 „dorm
1155 4469 1235 4530 barr'
1259 4469 1309 4530 iob

142 4561 197 4621 ἀοι
219 4560 354 4621 Herm.“
397 4565 461 4618 Tum
482 4580 564 4637 vero,
591 4574 620 4624 ut
641 4566 691 4623 ulia
712 4565 845 4637 omittam,
873 4580 962 4621 senno
983 4569 1047 4637 post
1066 4580 1092 4618 ι.
1115 4559 1145 4617 l.
1169 4559 1261 4617 mirum
1281 4560 1309 4618 in

142 4650 250 4708 modum
270 4650 397 4724 abruptus
419 4647 499 4707 torci.
