3150 5300
716 487 766 561 33

151 692 218 752 tiae
245 673 375 769 vestigia
404 690 537 752 sortasse
565 693 704 772 reperies
731 693 763 753 in
791 694 854 755 les.
877 690 935 770 24,
957 671 1007 755 22.
1036 694 1111 756 Dan.
1134 691 1170 773 7,
1194 691 1243 757 ll.
1264 692 1324 774 ⁶⁹),

150 792 211 857 sed
234 793 275 855 de
297 792 347 853 bis
369 794 467 873 aptius
490 794 549 855 alio
571 794 640 855 loco
663 795 877 875 disputabitur.

239 1099 425 1161 Perfeotiori
453 1100 492 1162 de
519 1102 612 1161 rebus
640 1106 712 1181 post
739 1106 870 1161 mortem
897 1102 1009 1161 futuris
1036 1101 1210 1181 doctrinae,
1245 1124 1323 1184 quae

152 1202 306 1265 diversam
336 1204 483 1262 bonorum
514 1223 550 1262 ac
572 1204 720 1264 malorum
742 1210 875 1278 sortem,
897 1205 978 1265 vitae
999 1205 1031 1265 in
1052 1205 1110 1265 hac
1131 1204 1216 1266 terra
1236 1211 1324 1270 actae

153 1310 394 1366 consentaneam
416 1311 585 1380 statueret,
612 1306 644 1365 in
666 1306 734 1385 ipso
756 1306 923 1366 Mosaismo
946 1307 1031 1366 locus
1054 1307 1142 1367 datus
1163 1328 1225 1369 non
1246 1315 1322 1371 erat.

156 1406 235 1467 Nam
266 1404 298 1485 1)
326 1428 404 1487 quae
431 1407 491 1486 piis
518 1408 661 1467 divinitus
689 1409 841 1488 promissa
869 1413 934 1482 est,
962 1409 1165 1471 beatitudo
1194 1412 1322 1502 (ntttj)

152 1542 252 1603 omnis
278 1543 337 1604 hac
363 1544 425 1603 vita
451 1543 635 1618 absolvitur,
664 1549 697 1603 et
718 1548 783 1604 tota
810 1544 910 1623 posita
932 1544 1032 1604 estin
1054 1547 1197 1606 terrestri
1223 1546 1322 1608 felicl-

149 1651 228 1707 tate'.
273 1645 362 1722 Quod
383 1647 577 1725 perspicuum
601 1646 637 1705 lit
659 1666 697 1706 ex
718 1646 800 1707 Len·
817 1642 869 1721 26,
892 1642 1010 1725 3sqq.,
1031 1647 1122 1707 Deut.
1144 1644 1197 1723 28,
1221 1647 1236 1709 l
1254 1668 1322 1729 sqq.

150 1754 185 1810 et
206 1748 311 1808 multis
333 1749 399 1808 aliis
422 1749 572 1808 similibus
594 1749 686 1823 locis,
709 1749 762 1808 ubi
785 1754 931 1809 externae
953 1749 1203 1826 commoditates,
1230 1753 1321 1813 uber·

148 1857 199 1912 tas
227 1850 349 1931 frugum
376 1857 409 1912 et
434 1851 604 1925 fructuum,
631 1852 759 1911 uictoria
786 1852 826 1912 de
853 1852 1012 1926 hostibus,
1042 1852 1132 1931 longa
1157 1859 1190 1913 et
1216 1855 1321 1915 valens

150 1958 251 2028 aetas,
280 1960 473 2031 posterorum
501 1955 589 2033 copia
617 1960 649 2013 et
677 1952 829 2034 ejusmodi
857 1954 915 2013 alia
941 1953 995 2027 iis,
1023 1954 1074 2031 qui
1095 1954 1181 2033 leges
1204 1956 1320 2019 diuinas

150 2054 318 2135 diligenter
344 2058 588 2130 observaverint,
616 2057 845 2136 promittuntur.
874 2090 916 2101 -
944 2053 1030 2115 Haeo
1059 2060 1162 2115 tamen
1188 2058 1250 2119 noli
1277 2059 1321 2121 ita

149 2157 342 2237 intelligere,
364 2151 507 2237 tanquam
530 2149 559 2217 si
579 2158 718 2217 Mosaica
739 2156 901 2235 disciplina
923 2157 1080 2231 statuerit,
1102 2176 1154 2217 res
1177 2166 1319 2222 externas

149 2279 209 2340 per
235 2279 269 2321 se
297 2262 419 2320 omnino
447 2260 604 2320 bominem
630 2260 757 2321 felicem
783 2258 916 2320 reddere
950 2276 1053 2339 posse.
1102 2259 1197 2320 lmmo
1228 2262 1320 2342 longe

150 2364 295 2423 aberrant
317 2384 334 2423 a
355 2365 496 2437 veritate,
519 2363 571 2441 qui
593 2362 708 2442 opinati
729 2367 810 2435 sunt,
832 2362 915 2441 pium
931 2361 1098 2421 lsraiilitam
1112 2362 1145 2422 in
1158 2363 1319 2442 perfruen-

150 2464 199 2525 dis
220 2465 425 2545 voluptatibns
446 2466 596 2525 bonorum
618 2464 711 2524 linem
733 2464 883 2543 posuisse,
906 2482 964 2523 neo
986 2463 1157 2536 dubitasse,
1181 2485 1258 2544 quae
1280 2465 1320 2526 ad

147 2568 273 2627 beatem
292 2569 384 2628 ritem
406 2567 608 2647 pertinerent,
631 2567 732 2626 omnia
753 2571 861 2627 ventre
883 2565 996 2625 metiri.
1027 2566 1111 2643 Quae
1134 2566 1214 2626 enim
1235 2567 1319 2628 Deus

148 2671 211 2752 piis
232 2672 402 2749 pollicetur,
424 2672 505 2731 bona
527 2670 627 2730 omnia
648 2670 705 2729 hac
721 2669 925 2747 promissione
941 2669 1137 2729 absolvuntur
1159 2669 1246 2749 (Lev.
1263 2666 1315 2745 26,

150 2771 189 2835 ll
207 2774 304 2853 sqq.):
326 2773 556 2844 ‚meitotiooetn
578 2792 672 2832 mecon
692 2773 725 2832 in
745 2773 853 2832 mediis
874 2771 957 2831 cobis
978 2769 1140 2848 collocabo,
1161 2791 1217 2830 nec
1227 2774 1317 2852 faett-

148 2877 213 2936 dt‘et
231 2896 284 2936 eos
306 2877 407 2936 eninm
426 2895 502 2936 mea.
546 2873 688 2934 lacedem
709 2875 786 2933 inter
807 2894 859 2933 eos
881 2879 971 2953 etque
991 2892 1041 2932 ero
1064 2873 1146 2934 vobis
1167 2873 1267 2943 Deus,
1289 2880 1320 2934 ce

148 2998 200 3038 eos
232 2979 315 3038 eritis
340 2978 414 3038 miti
437 2976 605 3057 populus.“
647 2974 728 3036 Hinc
756 2977 825 3055 pius
853 2975 991 3035 israelita
1016 2975 1094 3034 nibil
1115 2982 1224 3036 censet
1246 2993 1316 3037 esse

146 3081 277 3155 bonum,
304 3080 381 3140 nihil
409 3080 629 3160 expetendum,
664 3078 745 3158 quod
775 3079 817 3138 sit
843 3079 1016 3158 sejunctum
1043 3096 1060 3136 a
1087 3077 1316 3154 communitate,

146 3202 226 3260 quae
256 3182 316 3261 ipsi
344 3188 393 3242 est
420 3201 490 3242 oum
511 3182 593 3256 Deo;
621 3200 678 3242 nec
701 3181 755 3242 ille
783 3166 978 3239 terrestrium
1006 3178 1156 3239 bonorum
1178 3181 1316 3241 cumulus

146 3285 210 3344 ulla
237 3285 268 3345 ei
293 3284 415 3344 videtur
440 3283 591 3357 felicitas,
620 3283 647 3342 si
673 3283 740 3361 ipse
761 3283 822 3342 Dei
847 3280 974 3361 propitii
1001 3281 1177 3359 praeseutia
1199 3289 1312 3343 careat.

148 3384 215 3444 Sed
234 3385 366 3444 vicissim
387 3387 571 3447 Mosaismus
599 3387 692 3446 etiam
719 3385 762 3464 pii
785 3404 854 3445 oum
875 3384 941 3444 Deo
969 3383 1150 3444 societatem
1178 3390 1314 3446 aterre-

148 3485 206 3546 stri
227 3487 446 3565 prosperitate,
469 3508 545 3566 quae
566 3489 648 3548 illius
671 3494 704 3548 et
724 3487 844 3547 fructus
866 3491 899 3547 et
920 3485 1029 3565 pignus
1051 3491 1115 3559 est,
1138 3485 1314 3566 disjungere

145 3589 262 3668 nequit,
283 3608 342 3650 nec
364 3591 515 3669 quomodo
537 3610 606 3652 cum
629 3594 824 3652 externorum
845 3588 995 3648 bonorum
1011 3588 1133 3668 jactura
1147 3586 1205 3648 Dei
1218 3588 1313 3649 bene-

378 3762 450 3770 -ιι

143 3875 240 3938 terum,
262 3866 379 3925 sirecte
401 3874 453 3938 est,
476 3885 553 3939 qoem
574 3869 770 3943 proposuimus,
792 3868 911 3925 locorum
933 3867 1096 3925 laudatorum
1115 3865 1310 3940 interpretatio,

141 3969 235 4009 rursus
257 3951 349 4007 mirum
370 3955 398 4009 in
419 3953 526 4009 modum
551 3955 602 4010 hac
624 3955 658 4011 de
680 3971 709 4010 re
732 3970 794 4009 oum
814 3953 876 4009 Vet.
900 3952 1069 4008 Testamenta
1097 3937 1236 4019 o'ousea}
1248 3953 1309 4008 llo-

143 4055 247 4109 mcms,
275 4037 320 4109 qui
342 4038 448 4110 etipse
470 4040 599 4096 bonorum
628 4041 802 4096 etmalorum
830 4038 960 4094 diversam
988 4036 1057 4109 apud
1083 4036 1184 4094 interos
1211 4044 1311 4094 sortem

144 4137 208 4176 esse
228 4131 317 4194 neget,
340 4122 392 4178 nisi
415 4124 485 4195 quod
506 4124 628 4197 singulos
650 4124 778 4197 quosdam
800 4123 935 4199 impietate
950 4129 977 4178 et
991 4120 1107 4192 nequitie
1120 4122 1241 4195 insignes
1254 4124 1310 4181 ho-

142 4205 230 4261 mines
255 4206 431 4280 singularibus
457 4209 553 4285 poenis
580 4209 692 4266 affectos
719 4209 792 4265 lacit.
843 4208 920 4282 (Vid.
948 4207 1207 4285 Naegelsbach,
1235 4210 1255 4266 l.
1284 4226 1307 4265 c.

140 4311 169 4366 p.
192 4286 278 4364 347.)

174 4420 177 4425 “
226 4406 281 4479 69)
303 4411 364 4468 vid.
387 4414 512 4484 Vatke,
536 4413 579 4469 die
593 4412 679 4485 Relig.
703 4412 752 4468 des
766 4412 801 4468 Α.
817 4412 846 4468 Τ.
870 4412 899 4467 Τ.
915 4411 936 4466 1.·
959 4429 986 4484 p.
1004 4406 1075 4468 588.
1099 4418 1137 4468 nt.
1155 4409 1183 4467 d.
1206 4405 1308 4475 „Dum

140 4491 176 4561 7,
200 4491 250 4552 11.
272 4491 329 4572 opt.
350 4492 412 4554 Jos.
434 4493 491 4563 24,
513 4494 564 4557 22.
581 4494 679 4573 findet
698 4491 764 4552 siclt
784 4491 836 4551 die
857 4498 933 4553 erate
953 4492 1037 4572 Sper
1058 4513 1124 4553 ootn
1145 4489 1309 4552 brilllaebcn

139 4575 239 4638 Fertor
259 4578 324 4638 und
344 4579 439 4638 ciuem
463 4575 536 4638 Orto
556 4579 614 4638 der
642 4578 880 4641 Vcrdotnmten.“

1091 4673 1120 4737 ‘b
