3150 5300
713 502 738 576 9

143 693 420 773 ωοοοιιᾱιιοιόοἰι.
463 709 522 787 Qui
543 715 666 770 sanctos
688 707 758 771 Vct
776 706 975 769 ,Testamenti
1002 708 1083 768 viros
1105 726 1214 771 arcana
1236 729 1306 788 qua·

144 815 215 875 dam
237 815 396 894 disciplina
416 814 553 873 initiatos
574 811 707 886 faciunt,
735 811 858 871 omnino
879 810 1018 885 rideant,
1041 830 1080 869 ne
1102 810 1156 885 iis,
1179 830 1308 890 quorum

144 917 358 976 auctoritatem
379 915 566 994 amplificare
587 915 702 989 volunt,
724 914 823 974 malae
845 912 1045 973 simulationis
1060 918 1163 972 notam
1177 914 1308 975 inurant.

146 1020 258 1095 Quales
285 1019 367 1079 enim
389 1035 443 1077 eos
465 1016 575 1077 haberi
597 1021 735 1095 oportet,
764 1015 829 1093 qui,
858 1035 948 1094 quum
975 1014 1007 1074 in
1034 1014 1155 1074 flebiles
1183 1022 1309 1093 questus

144 1120 184 1180 de
206 1121 338 1180 hominis
360 1120 493 1178 sanitate
515 1136 586 1177 sese
609 1117 769 1178 effundunt
790 1123 822 1178 et
844 1118 935 1177 sortis
958 1123 1029 1194 post
1043 1123 1175 1176 mortem
1188 1117 1310 1179 futurae

142 1223 301 1283 tristitiam
329 1220 506 1300 deplorant,
535 1220 567 1279 id
590 1240 650 1279 non
677 1240 715 1279 ex
737 1220 837 1280 auimo
866 1219 922 1280 sed
951 1220 1091 1280 simulate
1118 1219 1249 1296 faciunt,
1278 1226 1311 1281 et

144 1329 289 1384 aeternae
309 1324 390 1384 ritae
412 1341 515 1403 spem,
538 1342 597 1401 qua
617 1323 785 1397 laetantur,
808 1341 847 1383 ne
869 1321 952 1383 forte
974 1322 1006 1382 in
1026 1322 1131 1401 vulgus
1154 1322 1310 1397 efferatur,
1334 1361 1338 1368 -

144 1433 234 1487 caute
255 1426 461 1486 dissimulant!
480 1422 524 1503 22)

228 1527 274 1588 Ut
300 1532 401 1587 autem
429 1528 485 1602 iis,
512 1526 563 1605 qui
585 1525 694 1588 Veteri
716 1524 918 1586 Testamento
946 1525 1073 1586 nimium
1102 1526 1240 1588 tribuere
1267 1527 1310 1587 vi-

144 1631 271 1705 dentur,
297 1631 440 1692 assentiri
461 1649 522 1690 non
544 1648 722 1708 possumus,
749 1629 793 1688 ita
812 1647 918 1690 rursus
940 1648 1000 1687 non
1022 1629 1121 1688 minus
1144 1629 1311 1689 cavendum

144 1739 208 1808 est,
237 1752 293 1808 ne,
321 1733 403 1812 quod
424 1733 492 1793 aliis
515 1732 642 1807 accidit,
672 1733 777 1792 oculos
800 1731 994 1791 occludamus
1021 1751 1096 1810 prae
1118 1732 1173 1805 iis,
1202 1731 1311 1810 quibus

102 1894 116 1910 ‚
143 1834 243 1897 Vetus
265 1835 497 1897 Testamentum
524 1835 641 1894 animos
668 1833 788 1913 piorum
815 1833 854 1893 ad
880 1834 960 1893 vitae
987 1839 1132 1895 aeternae
1158 1833 1312 1921 praesagi-

143 1939 260 1998 tionem
283 1938 439 2013 excitavit,
467 1937 560 1998 etad
582 1936 790 2017 accipiendam
817 1935 989 2015 perfectam
1015 1956 1118 2004 rerum
1140 1940 1211 2014 post
1231 1955 1312 1996 mor·

143 2046 209 2101 tem
230 2040 400 2103 futurarum
429 2040 590 2102 scientiam
616 2045 753 2099 mentem
780 2038 981 2118 praeparavit.
1026 2037 1051 2098 li
1072 2038 1220 2111 maxime,
1250 2038 1311 2115 qui,

144 2141 293 2221 quidquid
314 2142 501 2203 sublimioris
523 2142 672 2203 scientiae
686 2140 759 2203 Vct.
774 2141 1009 2203 Testamentum
1032 2140 1168 2215 exhibet,
1192 2159 1230 2201 ex
1244 2140 1311 2200 etb-

143 2245 283 2304 nicomm
304 2244 502 2325 religionibus
524 2244 694 2310 manavisse
714 2243 895 2330 opinantur,
917 2262 1018 2322 neque
1040 2242 1194 2319 viderunt,
1223 2261 1312 2322 quam

144 2539 232 2611 ipsum
253 2536 424 2610 pervenisse,
449 2554 603 2609 quamquam
624 2535 781 2611 saepissimo
804 2536 956 2607 contendit,
979 2553 1009 2593 se
1032 2536 1063 2592 ab
1085 2536 1144 2592 aliis
1167 2534 1313 2605 (φυσικοῖς

146 2621 264 2691 ἀνδράσι
278 2618 317 2678 de
331 2615 401 2678 Atr.
417 2614 436 2690 ’δ
451 2617 515 2693 20,
537 2627 698 2683 θεσπεσίοις
720 2619 838 2692 ἀνδράσι
859 2618 898 2679 de
913 2619 1079 2678 circumcis.
1102 2616 1180 2696 Μ.)
1203 2629 1312 2696 accepta

145 2709 262 2778 tradere,
283 2724 335 2763 nec
350 2709 487 2765 doctorem
509 2709 559 2764 sed
580 2708 750 2781 interpretem
773 2725 834 2764 esse
857 2702 1043 2783 (dccnimcl.
1059 2724 1179 2764 envers.
1194 2709 1311 2764 Aucber.

145 2798 164 2862 δ
187 2789 238 2859 7.).
274 2793 453 2849 Verumaliis
474 2793 543 2849 locis
565 2792 655 2864 docet,
678 2810 708 2849 se
731 2794 856 2866 quasdam
878 2794 1032 2850 reconditae
1054 2793 1200 2866 sapientiae
1222 2800 1312 2867 partes

145 2880 234 2934 alllatu
257 2879 347 2934 divino
370 2879 532 2950 cognovisse
554 2877 601 2950 (cl.
624 2879 760 2935 Daebne
781 2880 800 2935 l.
818 2895 841 2934 c.
864 2898 891 2952 p.
908 2874 948 2933 75
965 2883 1035 2950 sq),
1058 2886 1086 2935 et
1107 2895 1174 2950 quae
1195 2879 1222 2934 in
1243 2879 1311 2936 libro

146 2965 181 3019 de
203 2965 317 3018 Cherub.
339 2967 358 3030 S
382 2959 420 3019 lt
443 2963 510 3020 dicit
531 2960 617 3038 („ipd›
637 2961 713 3032 παρὰ
735 2962 860 3020 Maliaci
877 2968 913 3036 τῷ
934 2968 1068 3031 θεοφιλεῖ
1081 2952 1249 3033 proposierit
1264 2983 1312 3034 ps·

145 3045 216 3118 γάλα
238 3042 388 3118 μυστήρια,
409 3043 482 3115 ὅμως
495 3041 590 3125 Ιαὖθις
608 3046 751 3118 Ἱερεμίαν
772 3045 820 3105 τὸν
841 3043 991 3118 προφήτην
1013 3044 1092 3119 ἰδὼν,
1116 3049 1161 3102 nal
1185 3047 1249 3117 γνὲς
1270 3044 1312 3106 ὅτι

145 3132 162 3189 ai
184 3131 272 3204 privor
293 3128 400 3202 μύστης
421 3131 502 3202 ἐστὶν,
524 3130 590 3187 ἄλλοι
613 3133 660 3187 καὶ
681 3131 850 3203 ἱεροφάντης
871 3129 976 3201 ἱκανὸς,
997 3129 1029 3188 ἐκ
1051 3129 1160 3203 ὤκνησα
1181 3139 1326 3204 φοιτῆσαι·

144 3220 215 3285 οιρὸς
235 3214 367 3292 αὐτόν’),
389 3216 426 3273 nil
448 3217 519 3273 aliud
540 3217 691 3291 significare
712 3227 834 3291 possunt,
857 3219 917 3289 alsi,
940 3235 971 3274 se
986 3219 1104 3289 ejusdem
1125 3220 1243 3293 spiritus,
1266 3220 1311 3291 qui

143 3305 244 3361 llosem
266 3303 460 3374 illuminaverit,
483 3303 574 3360 alllatu
594 3303 656 3360 Vct.
678 3305 838 3361 Testamenti
859 3304 994 3374 mysteriis
1016 3305 1144 3360 initiatum
1165 3298 1237 3362 esse.

232 3417 285 3488 Ὦ)
305 3422 390 3476 Etiam
412 3423 453 3493 iis,
477 3439 544 3494 quae
566 3422 662 3479 Stier
682 3423 708 3479 in
731 3431 871 3480 comment.
895 3424 928 3479 ad
949 3425 991 3479 Ps.
1009 3418 1059 3493 88,
1084 3418 1124 3479 10
1139 3441 1197 3496 sqq.
1220 3424 1260 3496 (T.
1275 3425 1309 3480 ll.

144 3525 172 3582 p.
197 3502 283 3574 231.)
305 3509 444 3578 exposuit,
467 3509 534 3562 baec
556 3508 696 3564 difficultas
717 3526 770 3564 non
792 3510 901 3565 tollitur.
946 3509 993 3565 nit
1015 3509 1097 3564 enim:
1141 3505 1210 3574 „lat
1229 3503 1313 3564 atati

144 3591 194 3648 cin
213 3587 410 3648 Unterscbicd
428 3587 570 3647 zaciscben
591 3590 649 3649 dan
667 3587 907 3649 Gloubcnrzet’tan
926 3591 991 3650 aad
1003 3587 1188 3668 Anprtzaiten
1209 3591 1241 3648 in
1255 3590 1312 3650 der

144 3671 361 3733 rnmscbliclren
375 3671 467 3743 Scala,
489 3672 567 3733 noclt
588 3672 633 3733 bis
655 3677 716 3755 cof
732 3674 791 3733 den
811 3673 949 3752 beotipen
967 3674 1052 3754 Tap?
1090 3672 1157 3736 Wte
1171 3674 1312 3734 rnancber

145 3757 245 3816 wobre
261 3755 364 3817 Christ
380 3757 514 3837 fiirclttet
533 3757 598 3818 siclt
618 3758 695 3818 nacla
718 3779 771 3818 vor
793 3760 860 3819 dem
875 3759 997 3831 Stcrben
1017 3759 1083 3819 nod
1096 3758 1179 3819 bittet
1190 3759 1314 3840 zaplzcst

146 3843 297 3917 (latoidae,
319 3841 454 3922 obplet'clt
476 3841 536 3902 itm
558 3843 654 3902 durch
676 3845 734 3903 das
756 3836 950 3923 Econpelt‘nm
970 3864 1031 3903 trun
1052 3841 1232 3923 collattindtq
1252 3843 1311 3903 Lc-

145 3927 202 3987 bcn
223 3927 288 3986 und
313 3926 615 4007 Urtocrpiinplicbl'ait
635 3948 689 3988 cns
702 3928 796 3987 Lictt
812 3929 957 4008 pebrcclrt
976 3928 1116 3988 worden!
1149 3927 1222 3991 Wnt
1241 3949 1311 3988 mara

146 4019 221 4071 etwn
242 4033 297 4070 cns
318 4015 417 4071 sciaena
437 4011 559 4074 Worten
580 4015 612 4071 in
633 4014 689 4072 dar
710 4014 825 4092 bcnpcn
841 4011 956 4074 Stnndc
975 4016 1056 4073 seina
1074 4033 1169 4092 ponza
1188 4014 1310 4093 dopona-

146 4095 239 4155 tiscbc
265 4095 491 4176 Ueberzccpunp
516 4099 746 4157 constnoircn?“
775 4111 828 4159 etc.
872 4105 954 4159 Recte
983 4103 1103 4175 quidem3
1131 4111 1310 4166 verumtamen

145 4200 300 4259 persuasum
321 4188 417 4257 babeo,
441 4187 484 4257 qui
505 4187 585 4242 vitam
607 4188 752 4242 coelestem
773 4189 905 4260 cognitam
919 4190 1024 4258 babeat,
1047 4204 1116 4257 eum,
1140 4189 1242 4245 etiamsi
1258 4206 1309 4244 an-

144 4286 215 4344 gore
242 4269 383 4340 depressus
411 4272 541 4327 interdum
567 4274 620 4327 boc
641 4273 763 4329 solatium
792 4280 849 4329 toto
877 4274 962 4330 animo
990 4273 1112 4344 amplecti
1139 4291 1190 4330 non
1212 4274 1308 4343 valcat,

145 4372 276 4426 nunquam
304 4354 340 4409 ita
362 4357 507 4414 locuturum
530 4373 606 4427 esse,
636 4364 665 4413 ut
686 4358 712 4412 in
734 4359 776 4413 Ps.
801 4354 856 4428 88,
882 4355 921 4413 lo
944 4376 1001 4431 sqq.
1031 4358 1212 4429 similibusque
1240 4358 1309 4413 locis

145 4441 273 4512 scriptum
295 4447 346 4494 est.
376 4439 424 4495 llic
446 4441 513 4496 enim
536 4459 588 4499 non
611 4444 668 4513 ejus
690 4459 778 4499 sermo
801 4451 851 4513 est,
874 4444 919 4514 qui
940 4444 974 4500 de
996 4460 1025 4498 re
1046 4443 1119 4514 prius
1134 4443 1241 4518 cognita
1256 4444 1310 4499 du-

144 4526 223 4595 bitet,
245 4526 294 4580 sed
316 4527 384 4596 ejus,
407 4525 449 4580 cul
471 4528 599 4598 cognitio,
622 4546 698 4599 quam
720 4529 797 4584 anxie
819 4529 963 4599 desiderat,
985 4530 1115 4600 denegata
1137 4528 1180 4586 sit.
1218 4526 1309 4602 (llulto

145 4610 255 4670 meliora
277 4611 377 4684 reliqua
399 4618 469 4683 suut,
491 4628 558 4684 quae
580 4613 672 4669 Stier
693 4613 711 4669 l.
735 4631 760 4670 c.
783 4613 933 4689 exposuitl.
