3150 5300
711 506 760 581 lo

145 722 197 775 tur
219 713 257 773 oh
271 713 425 774 Homero:
446 701 531 790 θυμῷ
545 712 623 786 σάφα
646 715 751 773 εἰδέναι
770 718 805 775 et
819 715 922 774 εἰδέναι
937 717 1006 774 κατὰ
1021 716 1135 789 φρένας,
1156 724 1234 777 νοεῖν
1248 722 1318 777 κατὰ

143 821 244 891 θυμὸν
267 821 398 875 etruria
419 816 450 873 ἐν
472 821 566 889 φρεσί,
588 805 739 895 nunqnam
760 835 835 877 vero
857 824 935 893 ψυχῇ
959 820 1061 877 εἰδέναι
1084 823 1144 879 eto.
1175 819 1317 880 Homeri·

145 937 203 979 cus
225 918 317 979 homo
339 920 450 977 ἔλπεται
465 923 498 978 et
511 926 601 992 γηθεῖ
620 925 704 996 θυμῷ
718 925 810 997 etque
826 921 954 993 τέρπεται
969 926 1062 993 φρεσί,
1084 920 1141 979 sed
1155 922 1232 994 ψυχὴ
1250 921 1318 1001 ejus

146 1041 249 1099 neque
276 1020 390 1101 gaudet
416 1039 517 1098 neque
548 1026 662 1099 sperat.
706 1020 814 1101 Longe
840 1022 943 1097 ahter,
973 1021 1054 1101 qnod
1080 1027 1152 1082 ante
1178 1022 1319 1096 vidimus,

146 1135 228 1228 ij
250 1124 385 1183 hominis
400 1123 432 1182 in
445 1121 517 1198 Vet.
532 1122 748 1184 Testamento:
771 1123 853 1203 quod
873 1124 1069 1186 considerent
1088 1125 1143 1200 illi,
1164 1125 1216 1205 qni
1237 1125 1317 1229 φρ)

144 1260 179 1319 in
202 1259 276 1321 Vet.
299 1259 500 1319 Testamenta
521 1258 565 1319 nil
586 1258 645 1318 nisi
668 1258 824 1319 animam
846 1278 916 1320 esse
938 1259 1114 1339 opinantur;
1141 1261 1260 1323 discant
1282 1281 1321 1323 er

144 1362 300 1436 Homero,
329 1362 450 1441 qualem
477 1361 510 1419 in
537 1359 608 1420 Vet.
637 1360 840 1422 Testamenta
868 1361 1012 1440 loquendi
1044 1382 1133 1424 usum
1159 1370 1320 1445 oporteret

146 1482 287 1545 regnare,
310 1464 338 1524 si
359 1464 494 1542 ipsorum
516 1463 670 1524 sententia
690 1468 777 1525 recte
799 1483 835 1523 se
856 1464 997 1525 haberet.

232 1565 297 1627 Ubi
318 1570 419 1627 antem
441 1557 609 1626 secundnm
630 1566 800 1626 Homerum
826 1584 958 1645 persona
982 1566 1115 1627 hominis
1137 1568 1246 1630 sedem
1266 1570 1319 1657 ha·

145 1669 225 1742 heti
252 1668 300 1729 Ex
320 1668 373 1743 iis,
396 1688 475 1748 quae
501 1668 767 1748 Naegelsbach
795 1688 826 1749 p.
847 1664 911 1729 333
934 1668 1039 1744 allert,
1074 1671 1176 1750 colligi
1205 1677 1320 1750 potest,
1405 1689 1410 1696 ’

148 1791 218 1830 eam
240 1771 338 1831 solum
358 1770 391 1830 in
413 1789 543 1851 corpore
565 1772 655 1831 sitam
677 1789 758 1830 esse.
790 1772 925 1847 Quacum
947 1772 1101 1832 sententia
1121 1792 1256 1853 pugnare
1277 1773 1321 1834 vl-

146 1872 276 1949 deutur,
304 1893 382 1952 quae
404 1871 670 1953 Naegelsbach
692 1874 760 1952 ipse
775 1872 849 1953 (vicl.
868 1878 969 1933 annot.
984 1870 1051 1953 37.)
1065 1874 1103 1935 de
1118 1877 1237 1937 ratione
1260 1876 1321 1937 (lis-

146 1976 255 2050 seruit,
278 1995 337 2055 qna
358 1976 453 2049 θυμὸς
475 1981 508 2035 et
530 1979 632 2049 φρένες
654 1976 736 2035 inter
757 1994 792 2035 se
815 1976 1036 2035 contineantur.
1066 1976 1194 2038 Rectius
1216 1979 1322 2040 forsan

146 2070 274 2153 dixeris,
297 2075 370 2138 (lum
390 2078 484 2138 homo
506 2078 602 2153 vivat,
624 2096 789 2158 personam
811 2078 877 2158 ejus
900 2082 933 2137 et
954 2079 985 2137 in
1005 2086 1090 2156 θυμῷ
1112 2081 1197 2140 etin
1219 2086 1321 2155 epacta

147 2187 242 2259 atque
264 2179 345 2255 ἤτορι
366 2182 494 2262 (κραδίῃ)
517 2182 607 2240 sitam
629 2199 710 2240 esse.
769 2181 869 2256 Quum
889 2198 963 2240 vero
984 2186 1056 2260 post
1077 2188 1208 2243 mortem
1229 2185 1322 2259 θυμὸς

147 2283 316 2363 dissipatus
330 2288 381 2344 est
402 2284 582 2364 (Naegelsh.
604 2304 634 2362 p.
649 2278 725 2360 339)
747 2288 780 2342 et
795 2287 873 2356 ψυχὴ
889 2282 927 2341 ad
941 2283 1058 2345 inferos
1081 2285 1165 2361 abiit,
1187 2286 1220 2345 in
1242 2306 1321 2348 cor-

146 2405 243 2466 pore
266 2391 402 2461 mortuo,
426 2388 512 2467 cujus
534 2390 636 2462 φρένες
657 2390 791 2460 restant,
815 2385 902 2463 ipse
923 2386 1015 2446 homo
1039 2387 1183 2448 cernitur.
1227 2388 1321 2469 (Nae-

147 2488 246 2568 gelsh.
269 2508 300 2566 p.
321 2483 410 2567 336.)
421 2485 477 2565 ³⁸).

235 2590 284 2649 Ex
303 2589 359 2666 iis,
387 2590 497 2670 quibus
524 2586 635 2649 aVet.
658 2588 860 2649 Testamenta
882 2588 1010 2649 Homeri
1038 2588 1178 2651 doctrina
1199 2590 1238 2654 (le
1265 2593 1321 2655 ho-

149 2692 234 2753 mine
250 2691 363 2768 differt,
385 2692 561 2753 necessario
583 2690 731 2770 seqnitur,
753 2697 788 2752 nt
803 2691 970 2752 eorundem
986 2691 1133 2753 derebus
1155 2701 1226 2773 post
1240 2716 1321 2756 mor-

147 2800 214 2856 tem
235 2795 346 2855 fntnris
369 2795 559 2869 sententiae,
590 2794 725 2872 quamvis
753 2794 926 2854 simillimae
953 2794 1029 2870 sint,
1060 2801 1093 2856 et
1113 2797 1199 2876 ipsae
1221 2798 1322 2878 aliqua

149 2902 297 2977 exparte
319 2897 515 2976 discrepents
537 2897 620 2976 qnod
640 2897 689 2975 iis,
712 2916 791 2976 qnae
812 2903 884 2976 post
906 2897 1036 2958 dicenda
1057 2904 1137 2974 sunt,
1160 2901 1320 2963 confirma-

147 3000 241 3060 bitur.

701 3101 760 3170 Β.

135 3317 139 3325 .
232 3271 409 3332 Proximum
437 3276 501 3345 est,
529 3276 564 3331 ut
590 3270 769 3346 doceamus,
799 3291 877 3350 quae
904 3269 1031 3332 Veteris
1059 3271 1253 3335 Testamenti
1280 3275 1321 3337 (le

150 3380 274 3433 morte
295 3374 506 3453 mortisque
528 3373 655 3432 causis
678 3373 831 3433 sententia
853 3373 902 3432 sit.

239 3472 273 3553 1)
294 3475 342 3535 Er
362 3475 411 3550 iis,
433 3496 510 3555 quae
532 3475 622 3554 paulo
638 3480 709 3536 ante
729 3476 934 3554 exposuimus,
956 3476 1150 3556 perspicuum
1172 3477 1219 3552 fit,
1241 3497 1320 3538 mor·

148 3585 213 3639 tem
236 3596 307 3638 esse
329 3580 446 3647 animae
468 3583 501 3637 et
524 3576 660 3657 corporis
683 3575 908 3653 diremtionem,
925 3598 1002 3656 quae
1025 3579 1133 3658 spiritu
1155 3579 1256 3639 divino
1277 3582 1321 3641 vi·

147 3680 205 3741 tali
227 3680 366 3740 absumta
389 3680 552 3741 efficiatur.
595 3678 683 3739 Hanc
710 3679 749 3739 oh
773 3698 895 3739 causam
921 3685 1029 3739 natura
1055 3681 1186 3740 hnmana
1207 3703 1264 3762 per
1285 3702 1320 3745 se

149 3788 184 3843 et
206 3802 244 3842 ex
265 3801 300 3842 se
321 3802 423 3862 neque
445 3782 584 3842 mortalis
603 3801 704 3860 neque
725 3781 906 3842 immortalis
921 3781 983 3841 dici
1003 3788 1117 3860 potest,
1141 3804 1232 3862 quum
1253 3786 1321 3866 ejus
1416 3785 1418 3788 ’

148 3885 216 3944 sive
243 3886 411 3945 mortalitas
440 3885 504 3944 sive
530 3884 742 3943 immortalitas
770 3902 897 3963 prorsus
925 3903 962 3943 ex
991 3885 1101 3963 spiritu
1122 3885 1222 3946 divino
1244 3906 1319 3966 pen-

149 3987 232 4048 neat.
255 4020 297 4032 -
318 3987 459 4047 Hominis
480 3991 588 4047 natura
609 3987 646 4047 ah
668 3986 755 4046 initio
776 3987 895 4047 nonita
911 3992 978 4047 erat
999 3995 1182 4067 comparata,
1204 3994 1238 4048 ut
1260 4007 1321 4049 non

150 4093 260 4167 posset
273 4089 361 4165 mori,
377 4088 433 4149 sed
448 4089 500 4165 ita,
522 4094 557 4151 ut
570 4095 706 4170 posset
727 4108 800 4149 non
822 4089 932 4167 mori,
947 4090 1006 4165 vel,
1020 4097 1055 4150 ut
1069 4091 1239 4152 accuratius
1253 4111 1320 4154 rem

235 4289 289 4366 38)
320 4297 350 4351 lu
377 4298 446 4354 locis
472 4300 503 4355 ll.
529 4295 562 4370 l,
591 4295 620 4356 4.
650 4294 709 4369 23,
731 4294 771 4354 65
795 4306 824 4355 et
844 4300 878 4357 al.
906 4298 1213 4371 metonymiam'inesse,
1236 4299 1320 4372 qualis

148 4387 248 4451 exstat,
271 4380 317 4436 uhi
339 4382 453 4440 Hebraei
472 4401 542 4442 racc
565 4387 646 4488 pig]
672 4383 850 4458 (=l’crson)
880 4387 993 4443 cadaver
1018 4386 1132 4442 hominis
1159 4385 1254 4442 mortni
1276 4383 1319 4440 si-

148 4516 276 4590 gnificant
298 4517 364 4592 (vid.
388 4517 485 4576 Gesen.
510 4520 589 4577 Thes.
618 4541 645 4596 p.
669 4514 759 4595 902),
787 4522 923 4593 omnihus,
951 4539 1018 4595 quac
1039 4520 1222 4594 Naegelsbach
1249 4521 1268 4577 l.
1293 4538 1317 4577 c.

148 4603 283 4678 exposuit,
305 4603 449 4678 diligenter
469 4606 610 4679 perpensis
629 4607 677 4664 vix
698 4607 876 4665 concesseris.

1050 4699 1115 4762 ,Ἥ
