<?xml version="1.0" encoding="UTF-8"?>
<!DOCTYPE html PUBLIC "-//W3C//DTD XHTML 1.0 Transitional//EN"
    "http://www.w3.org/TR/xhtml1/DTD/xhtml1-transitional.dtd">
<html xmlns="http://www.w3.org/1999/xhtml" xml:lang="en" lang="en">
 <head>
  <title>
</title>
<meta http-equiv="Content-Type" content="text/html;charset=utf-8" />
  <meta name='ocr-system' content='tesseract 3.04.00' />
  <meta name='ocr-capabilities' content='ocr_page ocr_carea ocr_par ocr_line ocrx_word'/>
</head>
<body>
  <div class='ocr_page' id='page_1' title='image "./veteristestamen00oehlgoog_0024.png"; bbox 0 0 3150 5300; ppageno 0'>
   <div class='ocr_carea' id='block_1_1' title="bbox 664 513 813 587">
    <p class='ocr_par' dir='ltr' id='par_1_1' title="bbox 664 513 813 587">
     <span class='ocr_line' id='line_1_1' title="bbox 664 513 813 587; baseline 0 0"><span class='ocrx_word' id='word_1_1' title='bbox 664 513 813 587; x_wconf 81' lang='lat' dir='ltr'>‘io</span> 
     </span>
    </p>
   </div>
   <div class='ocr_carea' id='block_1_2' title="bbox 200 715 1374 3558">
    <p class='ocr_par' dir='ltr' id='par_1_2' title="bbox 201 715 1373 1204">
     <span class='ocr_line' id='line_1_2' title="bbox 203 715 1373 798; baseline -0.004 -15"><span class='ocrx_word' id='word_1_2' title='bbox 203 720 353 783; x_wconf 85' lang='lat' dir='ltr'>concinne</span> <span class='ocrx_word' id='word_1_3' title='bbox 379 737 486 782; x_wconf 89' lang='lat' dir='ltr'>omues</span> <span class='ocrx_word' id='word_1_4' title='bbox 514 722 619 797; x_wconf 87' lang='lat' dir='ltr'>partes</span> <span class='ocrx_word' id='word_1_5' title='bbox 639 716 821 798; x_wconf 89' lang='lat' dir='ltr'>disciplinae</span> <span class='ocrx_word' id='word_1_6' title='bbox 842 715 914 780; x_wconf 78' lang='lat' dir='ltr'>Vct</span> <span class='ocrx_word' id='word_1_7' title='bbox 937 717 1130 780; x_wconf 70' lang='lat' dir='ltr'><strong>Testamenti</strong></span> <span class='ocrx_word' id='word_1_8' title='bbox 1156 718 1299 780; x_wconf 88' lang='lat' dir='ltr'>interae</span> <span class='ocrx_word' id='word_1_9' title='bbox 1320 735 1373 778; x_wconf 79' lang='lat' dir='ltr'>co</span> 
     </span>
     <span class='ocr_line' id='line_1_3' title="bbox 202 819 1373 900; baseline -0.003 -16"><span class='ocrx_word' id='word_1_10' title='bbox 202 822 352 885; x_wconf 90' lang='lat' dir='ltr'>baereant</span> <span class='ocrx_word' id='word_1_11' title='bbox 373 827 406 885; x_wconf 86' lang='lat' dir='ltr'>et</span> <span class='ocrx_word' id='word_1_12' title='bbox 426 839 516 900; x_wconf 86' lang='lat' dir='ltr'>quam</span> <span class='ocrx_word' id='word_1_13' title='bbox 537 824 610 900; x_wconf 88' lang='lat' dir='ltr'>apte</span> <span class='ocrx_word' id='word_1_14' title='bbox 631 820 740 881; x_wconf 91' lang='lat' dir='ltr'>eadem</span> <span class='ocrx_word' id='word_1_15' title='bbox 754 820 791 881; x_wconf 92' lang='lat' dir='ltr'>ab</span> <span class='ocrx_word' id='word_1_16' title='bbox 807 820 1005 884; x_wconf 82' lang='lat' dir='ltr'>inferioribus</span> <span class='ocrx_word' id='word_1_17' title='bbox 1024 820 1063 882; x_wconf 90' lang='lat' dir='ltr'>ad</span> <span class='ocrx_word' id='word_1_18' title='bbox 1077 819 1253 900; x_wconf 69' lang='lat' dir='ltr'>superiores</span> <span class='ocrx_word' id='word_1_19' title='bbox 1268 819 1373 881; x_wconf 89' lang='lat' dir='ltr'>scieu-</span> 
     </span>
     <span class='ocr_line' id='line_1_4' title="bbox 202 921 1373 1006; baseline -0.003 -20"><span class='ocrx_word' id='word_1_20' title='bbox 202 925 265 988; x_wconf 86' lang='lat' dir='ltr'>tlae</span> <span class='ocrx_word' id='word_1_21' title='bbox 286 924 397 1006; x_wconf 83' lang='lat' dir='ltr'>gradus</span> <span class='ocrx_word' id='word_1_22' title='bbox 418 921 641 1003; x_wconf 73' lang='lat' dir='ltr'>progrediatur,</span> <span class='ocrx_word' id='word_1_23' title='bbox 662 942 763 1004; x_wconf 87' lang='lat' dir='ltr'>neque</span> <span class='ocrx_word' id='word_1_24' title='bbox 784 924 845 985; x_wconf 89' lang='lat' dir='ltr'>hoc</span> <span class='ocrx_word' id='word_1_25' title='bbox 868 923 1147 998; x_wconf 86' lang='lat' dir='ltr'>consideraverunt,</span> <span class='ocrx_word' id='word_1_26' title='bbox 1169 921 1223 983; x_wconf 92' lang='lat' dir='ltr'>ubi</span> <span class='ocrx_word' id='word_1_27' title='bbox 1243 922 1373 1003; x_wconf 79' lang='lat' dir='ltr'>religio</span> 
     </span>
     <span class='ocr_line' id='line_1_5' title="bbox 202 1022 1372 1106; baseline -0.001 -18"><span class='ocrx_word' id='word_1_28' title='bbox 202 1045 259 1090; x_wconf 88' lang='lat' dir='ltr'>nes</span> <span class='ocrx_word' id='word_1_29' title='bbox 280 1031 347 1088; x_wconf 89' lang='lat' dir='ltr'>toto</span> <span class='ocrx_word' id='word_1_30' title='bbox 367 1044 483 1106; x_wconf 83' lang='lat' dir='ltr'>genere</span> <span class='ocrx_word' id='word_1_31' title='bbox 504 1024 643 1106; x_wconf 77' lang='lat' dir='ltr'>dispares</span> <span class='ocrx_word' id='word_1_32' title='bbox 669 1026 745 1103; x_wconf 86' lang='lat' dir='ltr'>sint,</span> <span class='ocrx_word' id='word_1_33' title='bbox 773 1045 812 1087; x_wconf 92' lang='lat' dir='ltr'>ea</span> <span class='ocrx_word' id='word_1_34' title='bbox 832 1045 968 1106; x_wconf 87' lang='lat' dir='ltr'>quoque,</span> <span class='ocrx_word' id='word_1_35' title='bbox 996 1045 1073 1106; x_wconf 88' lang='lat' dir='ltr'>quae</span> <span class='ocrx_word' id='word_1_36' title='bbox 1100 1024 1131 1085; x_wconf 91' lang='lat' dir='ltr'>io</span> <span class='ocrx_word' id='word_1_37' title='bbox 1158 1022 1272 1085; x_wconf 88' lang='lat' dir='ltr'>iisdem</span> <span class='ocrx_word' id='word_1_38' title='bbox 1300 1043 1372 1087; x_wconf 83' lang='lat' dir='ltr'>seu-</span> 
     </span>
     <span class='ocr_line' id='line_1_6' title="bbox 201 1126 1271 1204; baseline -0.002 -13"><span class='ocrx_word' id='word_1_39' title='bbox 201 1128 308 1191; x_wconf 85' lang='lat' dir='ltr'>tentiis</span> <span class='ocrx_word' id='word_1_40' title='bbox 330 1133 363 1189; x_wconf 93' lang='lat' dir='ltr'>et</span> <span class='ocrx_word' id='word_1_41' title='bbox 383 1128 486 1190; x_wconf 81' lang='lat' dir='ltr'>verbis</span> <span class='ocrx_word' id='word_1_42' title='bbox 507 1135 678 1204; x_wconf 87' lang='lat' dir='ltr'>versentur,</span> <span class='ocrx_word' id='word_1_43' title='bbox 699 1146 832 1189; x_wconf 87' lang='lat' dir='ltr'>summas</span> <span class='ocrx_word' id='word_1_44' title='bbox 854 1129 972 1189; x_wconf 89' lang='lat' dir='ltr'>babere</span> <span class='ocrx_word' id='word_1_45' title='bbox 993 1126 1271 1189; x_wconf 87' lang='lat' dir='ltr'>dissimilitudines.</span> 
     </span>
    </p>

    <p class='ocr_par' dir='ltr' id='par_1_3' title="bbox 200 1229 1374 2747">
     <span class='ocr_line' id='line_1_7' title="bbox 287 1229 1371 1311; baseline -0.001 -20"><span class='ocrx_word' id='word_1_46' title='bbox 287 1229 369 1308; x_wconf 74' lang='lat' dir='ltr'>Quid</span> <span class='ocrx_word' id='word_1_47' title='bbox 398 1231 467 1311; x_wconf 90' lang='lat' dir='ltr'>ipse</span> <span class='ocrx_word' id='word_1_48' title='bbox 499 1230 576 1291; x_wconf 89' lang='lat' dir='ltr'>mihi</span> <span class='ocrx_word' id='word_1_49' title='bbox 606 1230 836 1309; x_wconf 75' lang='lat' dir='ltr'>proposuerim,</span> <span class='ocrx_word' id='word_1_50' title='bbox 865 1231 932 1310; x_wconf 79' lang='lat' dir='ltr'>jam</span> <span class='ocrx_word' id='word_1_51' title='bbox 965 1230 1070 1308; x_wconf 90' lang='lat' dir='ltr'>paucis</span> <span class='ocrx_word' id='word_1_52' title='bbox 1109 1229 1302 1309; x_wconf 82' lang='lat' dir='ltr'>significabo.</span> <span class='ocrx_word' id='word_1_53' title='bbox 1329 1263 1371 1276; x_wconf 91' lang='lat'>-</span> 
     </span>
     <span class='ocr_line' id='line_1_8' title="bbox 201 1329 1371 1413; baseline 0 -19"><span class='ocrx_word' id='word_1_54' title='bbox 201 1330 338 1394; x_wconf 83' lang='lat' dir='ltr'>Primum</span> <span class='ocrx_word' id='word_1_55' title='bbox 360 1352 437 1408; x_wconf 89' lang='lat' dir='ltr'>eam,</span> <span class='ocrx_word' id='word_1_56' title='bbox 459 1352 538 1412; x_wconf 86' lang='lat' dir='ltr'>quac</span> <span class='ocrx_word' id='word_1_57' title='bbox 552 1331 712 1393; x_wconf 88' lang='lat' dir='ltr'>Mosaismi</span> <span class='ocrx_word' id='word_1_58' title='bbox 732 1331 858 1412; x_wconf 88' lang='lat' dir='ltr'>propria</span> <span class='ocrx_word' id='word_1_59' title='bbox 878 1329 1034 1392; x_wconf 87' lang='lat' dir='ltr'>censenda</span> <span class='ocrx_word' id='word_1_60' title='bbox 1055 1336 1113 1406; x_wconf 86' lang='lat' dir='ltr'>est,</span> <span class='ocrx_word' id='word_1_61' title='bbox 1135 1330 1287 1393; x_wconf 88' lang='lat' dir='ltr'>derebus</span> <span class='ocrx_word' id='word_1_62' title='bbox 1301 1338 1371 1413; x_wconf 88' lang='lat' dir='ltr'>post</span> 
     </span>
     <span class='ocr_line' id='line_1_9' title="bbox 202 1433 1368 1513; baseline 0.002 -18"><span class='ocrx_word' id='word_1_63' title='bbox 202 1440 334 1498; x_wconf 86' lang='lat' dir='ltr'>mortem</span> <span class='ocrx_word' id='word_1_64' title='bbox 355 1435 468 1496; x_wconf 84' lang='lat' dir='ltr'>futuris</span> <span class='ocrx_word' id='word_1_65' title='bbox 489 1434 673 1496; x_wconf 89' lang='lat' dir='ltr'>sententiam</span> <span class='ocrx_word' id='word_1_66' title='bbox 695 1453 860 1513; x_wconf 83' lang='lat' dir='ltr'>exponam,</span> <span class='ocrx_word' id='word_1_67' title='bbox 881 1434 924 1495; x_wconf 90' lang='lat' dir='ltr'>ita</span> <span class='ocrx_word' id='word_1_68' title='bbox 946 1433 1080 1513; x_wconf 90' lang='lat' dir='ltr'>quidem,</span> <span class='ocrx_word' id='word_1_69' title='bbox 1102 1439 1146 1509; x_wconf 87' lang='lat' dir='ltr'>ut,</span> <span class='ocrx_word' id='word_1_70' title='bbox 1169 1452 1229 1513; x_wconf 83' lang='lat' dir='ltr'>qua</span> <span class='ocrx_word' id='word_1_71' title='bbox 1249 1435 1368 1497; x_wconf 82' lang='lat' dir='ltr'>ratione</span> 
     </span>
     <span class='ocr_line' id='line_1_10' title="bbox 202 1534 1363 1617; baseline -0.001 -19"><span class='ocrx_word' id='word_1_72' title='bbox 202 1537 312 1599; x_wconf 90' lang='lat' dir='ltr'>eadem</span> <span class='ocrx_word' id='word_1_73' title='bbox 333 1557 403 1599; x_wconf 91' lang='lat' dir='ltr'>cum</span> <span class='ocrx_word' id='word_1_74' title='bbox 424 1537 492 1599; x_wconf 87' lang='lat' dir='ltr'>aliis</span> <span class='ocrx_word' id='word_1_75' title='bbox 513 1535 585 1599; x_wconf 77' lang='lat' dir='ltr'>vet.</span> <span class='ocrx_word' id='word_1_76' title='bbox 606 1536 800 1599; x_wconf 91' lang='lat' dir='ltr'>Testamenti</span> <span class='ocrx_word' id='word_1_77' title='bbox 821 1536 979 1598; x_wconf 86' lang='lat' dir='ltr'>doctrinae</span> <span class='ocrx_word' id='word_1_78' title='bbox 1001 1537 1138 1617; x_wconf 87' lang='lat' dir='ltr'>partibus</span> <span class='ocrx_word' id='word_1_79' title='bbox 1160 1555 1302 1599; x_wconf 76' lang='lat' dir='ltr'>connexa</span> <span class='ocrx_word' id='word_1_80' title='bbox 1318 1534 1363 1611; x_wconf 88' lang='lat' dir='ltr'>sit,</span> 
     </span>
     <span class='ocr_line' id='line_1_11' title="bbox 201 1638 1370 1722; baseline -0.002 -21"><span class='ocrx_word' id='word_1_81' title='bbox 201 1641 398 1722; x_wconf 90' lang='lat' dir='ltr'>perspicuum</span> <span class='ocrx_word' id='word_1_82' title='bbox 411 1641 475 1702; x_wconf 85' lang='lat' dir='ltr'>fiat.</span> <span class='ocrx_word' id='word_1_83' title='bbox 504 1641 601 1717; x_wconf 80' lang='lat' dir='ltr'>Quam</span> <span class='ocrx_word' id='word_1_84' title='bbox 623 1640 662 1700; x_wconf 94' lang='lat' dir='ltr'>ob</span> <span class='ocrx_word' id='word_1_85' title='bbox 686 1658 808 1702; x_wconf 88' lang='lat' dir='ltr'>causam</span> <span class='ocrx_word' id='word_1_86' title='bbox 830 1641 918 1719; x_wconf 86' lang='lat' dir='ltr'>quasi</span> <span class='ocrx_word' id='word_1_87' title='bbox 938 1639 1130 1701; x_wconf 80' lang='lat' dir='ltr'>fundamenti</span> <span class='ocrx_word' id='word_1_88' title='bbox 1146 1640 1215 1700; x_wconf 92' lang='lat' dir='ltr'>loco</span> <span class='ocrx_word' id='word_1_89' title='bbox 1230 1638 1370 1720; x_wconf 84' lang='lat' dir='ltr'>ponenda</span> 
     </span>
     <span class='ocr_line' id='line_1_12' title="bbox 202 1741 1371 1822; baseline -0.002 -17"><span class='ocrx_word' id='word_1_90' title='bbox 202 1749 293 1805; x_wconf 89' lang='lat' dir='ltr'>erunt</span> <span class='ocrx_word' id='word_1_91' title='bbox 314 1764 367 1818; x_wconf 90' lang='lat' dir='ltr'>ea,</span> <span class='ocrx_word' id='word_1_92' title='bbox 395 1763 473 1822; x_wconf 91' lang='lat' dir='ltr'>quae</span> <span class='ocrx_word' id='word_1_93' title='bbox 495 1743 535 1803; x_wconf 91' lang='lat' dir='ltr'>de</span> <span class='ocrx_word' id='word_1_94' title='bbox 556 1743 691 1804; x_wconf 90' lang='lat' dir='ltr'>bominis</span> <span class='ocrx_word' id='word_1_95' title='bbox 711 1749 820 1803; x_wconf 88' lang='lat' dir='ltr'>natura</span> <span class='ocrx_word' id='word_1_96' title='bbox 842 1748 875 1804; x_wconf 89' lang='lat' dir='ltr'>et</span> <span class='ocrx_word' id='word_1_97' title='bbox 896 1741 936 1803; x_wconf 90' lang='lat' dir='ltr'>de</span> <span class='ocrx_word' id='word_1_98' title='bbox 957 1748 1059 1804; x_wconf 90' lang='lat' dir='ltr'>morte</span> <span class='ocrx_word' id='word_1_99' title='bbox 1080 1742 1249 1821; x_wconf 89' lang='lat' dir='ltr'>mortisque</span> <span class='ocrx_word' id='word_1_100' title='bbox 1272 1742 1371 1805; x_wconf 87' lang='lat' dir='ltr'>causis</span> 
     </span>
     <span class='ocr_line' id='line_1_13' title="bbox 202 1844 1372 1930; baseline -0.001 -22"><span class='ocrx_word' id='word_1_101' title='bbox 202 1845 300 1930; x_wconf 72' lang='lat' dir='ltr'>Vetus</span> <span class='ocrx_word' id='word_1_102' title='bbox 327 1844 561 1908; x_wconf 79' lang='lat' dir='ltr'>Testamentum</span> <span class='ocrx_word' id='word_1_103' title='bbox 588 1846 710 1908; x_wconf 82' lang='lat' dir='ltr'>statuit:</span> <span class='ocrx_word' id='word_1_104' title='bbox 748 1864 824 1925; x_wconf 87' lang='lat' dir='ltr'>quos</span> <span class='ocrx_word' id='word_1_105' title='bbox 853 1851 957 1906; x_wconf 90' lang='lat' dir='ltr'>tamen</span> <span class='ocrx_word' id='word_1_106' title='bbox 983 1845 1069 1906; x_wconf 87' lang='lat' dir='ltr'>locos</span> <span class='ocrx_word' id='word_1_107' title='bbox 1097 1850 1224 1905; x_wconf 89' lang='lat' dir='ltr'>eatenus</span> <span class='ocrx_word' id='word_1_108' title='bbox 1251 1849 1372 1907; x_wconf 67' lang='lat' dir='ltr'>mntum</span> 
     </span>
     <span class='ocr_line' id='line_1_14' title="bbox 200 1948 1372 2029; baseline 0.002 -22"><span class='ocrx_word' id='word_1_109' title='bbox 200 1967 393 2028; x_wconf 79' lang='lat' dir='ltr'>percurram,</span> <span class='ocrx_word' id='word_1_110' title='bbox 408 1953 575 2027; x_wconf 84' lang='lat' dir='ltr'>·quatenus</span> <span class='ocrx_word' id='word_1_111' title='bbox 608 1949 820 2029; x_wconf 87' lang='lat' dir='ltr'>quaestionem</span> <span class='ocrx_word' id='word_1_112' title='bbox 852 1948 1041 2028; x_wconf 89' lang='lat' dir='ltr'>propositam</span> <span class='ocrx_word' id='word_1_113' title='bbox 1068 1953 1252 2027; x_wconf 86' lang='lat' dir='ltr'>praeparant</span> <span class='ocrx_word' id='word_1_114' title='bbox 1279 1953 1372 2029; x_wconf 81' lang='lat' dir='ltr'>atque</span> 
     </span>
     <span class='ocr_line' id='line_1_15' title="bbox 202 2049 1373 2132; baseline 0.001 -21"><span class='ocrx_word' id='word_1_115' title='bbox 202 2049 354 2132; x_wconf 84' lang='lat' dir='ltr'>adjuvant.</span> <span class='ocrx_word' id='word_1_116' title='bbox 381 2083 422 2095; x_wconf 93' lang='lat'><em>-</em></span> <span class='ocrx_word' id='word_1_117' title='bbox 451 2051 571 2113; x_wconf 85' lang='lat' dir='ltr'>Deinde</span> <span class='ocrx_word' id='word_1_118' title='bbox 592 2051 624 2111; x_wconf 92' lang='lat' dir='ltr'>in</span> <span class='ocrx_word' id='word_1_119' title='bbox 646 2052 744 2113; x_wconf 88' lang='lat' dir='ltr'>altera</span> <span class='ocrx_word' id='word_1_120' title='bbox 770 2070 807 2112; x_wconf 88' lang='lat' dir='ltr'>ac</span> <span class='ocrx_word' id='word_1_121' title='bbox 828 2050 921 2112; x_wconf 91' lang='lat' dir='ltr'>tertia</span> <span class='ocrx_word' id='word_1_122' title='bbox 947 2051 1039 2132; x_wconf 87' lang='lat' dir='ltr'>hujus</span> <span class='ocrx_word' id='word_1_123' title='bbox 1066 2050 1137 2111; x_wconf 89' lang='lat' dir='ltr'>libri</span> <span class='ocrx_word' id='word_1_124' title='bbox 1164 2055 1253 2131; x_wconf 90' lang='lat' dir='ltr'>parte</span> <span class='ocrx_word' id='word_1_125' title='bbox 1275 2051 1373 2131; x_wconf 84' lang='lat' dir='ltr'>expli·</span> 
     </span>
     <span class='ocr_line' id='line_1_16' title="bbox 202 2150 1374 2233; baseline 0.002 -19"><span class='ocrx_word' id='word_1_126' title='bbox 202 2153 289 2228; x_wconf 75' lang='lat' dir='ltr'>mbo,</span> <span class='ocrx_word' id='word_1_127' title='bbox 311 2172 371 2231; x_wconf 86' lang='lat' dir='ltr'>qua</span> <span class='ocrx_word' id='word_1_128' title='bbox 391 2152 511 2213; x_wconf 88' lang='lat' dir='ltr'>ratione</span> <span class='ocrx_word' id='word_1_129' title='bbox 533 2154 589 2214; x_wconf 88' lang='lat' dir='ltr'>sub</span> <span class='ocrx_word' id='word_1_130' title='bbox 611 2154 679 2233; x_wconf 89' lang='lat' dir='ltr'>ipso</span> <span class='ocrx_word' id='word_1_131' title='bbox 700 2151 774 2215; x_wconf 82' lang='lat' dir='ltr'>Vet.</span> <span class='ocrx_word' id='word_1_132' title='bbox 797 2151 997 2214; x_wconf 88' lang='lat' dir='ltr'>Testamento</span> <span class='ocrx_word' id='word_1_133' title='bbox 1019 2153 1130 2232; x_wconf 87' lang='lat' dir='ltr'>partim</span> <span class='ocrx_word' id='word_1_134' title='bbox 1151 2150 1374 2216; x_wconf 84' lang='lat' dir='ltr'>vaticinationi-</span> 
     </span>
     <span class='ocr_line' id='line_1_17' title="bbox 200 2254 1372 2335; baseline 0.001 -19"><span class='ocrx_word' id='word_1_135' title='bbox 200 2254 259 2316; x_wconf 92' lang='lat' dir='ltr'>bus</span> <span class='ocrx_word' id='word_1_136' title='bbox 280 2254 510 2335; x_wconf 89' lang='lat' dir='ltr'>prophetarum,</span> <span class='ocrx_word' id='word_1_137' title='bbox 531 2261 669 2316; x_wconf 88' lang='lat' dir='ltr'>mortuos</span> <span class='ocrx_word' id='word_1_138' title='bbox 689 2255 722 2315; x_wconf 93' lang='lat' dir='ltr'>in</span> <span class='ocrx_word' id='word_1_139' title='bbox 742 2255 836 2316; x_wconf 82' lang='lat' dir='ltr'>vitam</span> <span class='ocrx_word' id='word_1_140' title='bbox 857 2254 1011 2316; x_wconf 89' lang='lat' dir='ltr'>redituros</span> <span class='ocrx_word' id='word_1_141' title='bbox 1033 2273 1103 2316; x_wconf 90' lang='lat' dir='ltr'>esse</span> <span class='ocrx_word' id='word_1_142' title='bbox 1117 2254 1372 2334; x_wconf 77' lang='lat' dir='ltr'>praedicentium,</span> 
     </span>
     <span class='ocr_line' id='line_1_18' title="bbox 201 2357 1372 2436; baseline 0.003 -19"><span class='ocrx_word' id='word_1_143' title='bbox 201 2357 313 2436; x_wconf 91' lang='lat' dir='ltr'>partim</span> <span class='ocrx_word' id='word_1_144' title='bbox 333 2357 387 2431; x_wconf 87' lang='lat' dir='ltr'>iia,</span> <span class='ocrx_word' id='word_1_145' title='bbox 415 2377 492 2435; x_wconf 89' lang='lat' dir='ltr'>quae</span> <span class='ocrx_word' id='word_1_146' title='bbox 518 2376 605 2418; x_wconf 89' lang='lat' dir='ltr'>meus</span> <span class='ocrx_word' id='word_1_147' title='bbox 626 2357 840 2419; x_wconf 87' lang='lat' dir='ltr'>Hebraeorum</span> <span class='ocrx_word' id='word_1_148' title='bbox 867 2357 950 2418; x_wconf 88' lang='lat' dir='ltr'>haud</span> <span class='ocrx_word' id='word_1_149' title='bbox 977 2358 1044 2418; x_wconf 87' lang='lat' dir='ltr'>sine</span> <span class='ocrx_word' id='word_1_150' title='bbox 1072 2357 1173 2418; x_wconf 83' lang='lat' dir='ltr'>divino</span> <span class='ocrx_word' id='word_1_151' title='bbox 1195 2358 1304 2420; x_wconf 85' lang='lat' dir='ltr'>afflatu</span> <span class='ocrx_word' id='word_1_152' title='bbox 1331 2359 1372 2421; x_wconf 90' lang='lat' dir='ltr'>de</span> 
     </span>
     <span class='ocr_line' id='line_1_19' title="bbox 200 2457 1373 2541; baseline 0.003 -22"><span class='ocrx_word' id='word_1_153' title='bbox 200 2457 263 2519; x_wconf 84' lang='lat' dir='ltr'>vita</span> <span class='ocrx_word' id='word_1_154' title='bbox 283 2463 409 2520; x_wconf 90' lang='lat' dir='ltr'>aeterna</span> <span class='ocrx_word' id='word_1_155' title='bbox 430 2461 584 2541; x_wconf 90' lang='lat' dir='ltr'>suspicata</span> <span class='ocrx_word' id='word_1_156' title='bbox 604 2467 654 2522; x_wconf 92' lang='lat' dir='ltr'>est</span> <span class='ocrx_word' id='word_1_157' title='bbox 676 2465 709 2522; x_wconf 89' lang='lat' dir='ltr'>et</span> <span class='ocrx_word' id='word_1_158' title='bbox 729 2461 917 2541; x_wconf 88' lang='lat' dir='ltr'>praesensit,</span> <span class='ocrx_word' id='word_1_159' title='bbox 946 2461 1033 2540; x_wconf 84' lang='lat' dir='ltr'>quasi</span> <span class='ocrx_word' id='word_1_160' title='bbox 1053 2461 1102 2521; x_wconf 83' lang='lat' dir='ltr'>via</span> <span class='ocrx_word' id='word_1_161' title='bbox 1123 2460 1241 2522; x_wconf 88' lang='lat' dir='ltr'>munita</span> <span class='ocrx_word' id='word_1_162' title='bbox 1262 2461 1305 2523; x_wconf 84' lang='lat' dir='ltr'>sit</span> <span class='ocrx_word' id='word_1_163' title='bbox 1333 2462 1373 2523; x_wconf 93' lang='lat' dir='ltr'>ad</span> 
     </span>
     <span class='ocr_line' id='line_1_20' title="bbox 200 2559 1372 2643; baseline 0.004 -22"><span class='ocrx_word' id='word_1_164' title='bbox 200 2559 292 2621; x_wconf 82' lang='lat' dir='ltr'>fluam</span> <span class='ocrx_word' id='word_1_165' title='bbox 312 2567 480 2641; x_wconf 88' lang='lat' dir='ltr'>ratumque,</span> <span class='ocrx_word' id='word_1_166' title='bbox 503 2582 593 2643; x_wconf 89' lang='lat' dir='ltr'>quam</span> <span class='ocrx_word' id='word_1_167' title='bbox 613 2562 700 2623; x_wconf 86' lang='lat' dir='ltr'>Novo</span> <span class='ocrx_word' id='word_1_168' title='bbox 716 2563 917 2625; x_wconf 90' lang='lat' dir='ltr'>Testamento</span> <span class='ocrx_word' id='word_1_169' title='bbox 939 2562 1099 2640; x_wconf 85' lang='lat' dir='ltr'>debemus,</span> <span class='ocrx_word' id='word_1_170' title='bbox 1120 2562 1202 2625; x_wconf 88' lang='lat' dir='ltr'>vitae</span> <span class='ocrx_word' id='word_1_171' title='bbox 1223 2569 1372 2627; x_wconf 90' lang='lat' dir='ltr'>aeternae</span> 
     </span>
     <span class='ocr_line' id='line_1_21' title="bbox 201 2665 1007 2747; baseline 0.004 -23"><span class='ocrx_word' id='word_1_172' title='bbox 201 2683 238 2726; x_wconf 88' lang='lat' dir='ltr'>ac</span> <span class='ocrx_word' id='word_1_173' title='bbox 258 2665 369 2726; x_wconf 90' lang='lat' dir='ltr'>beatae</span> <span class='ocrx_word' id='word_1_174' title='bbox 390 2666 509 2745; x_wconf 89' lang='lat' dir='ltr'>piorum</span> <span class='ocrx_word' id='word_1_175' title='bbox 530 2665 769 2727; x_wconf 87' lang='lat' dir='ltr'>immortalitatis</span> <span class='ocrx_word' id='word_1_176' title='bbox 792 2666 1007 2747; x_wconf 86' lang='lat' dir='ltr'>cognitionem.</span> 
     </span>
    </p>

    <p class='ocr_par' dir='ltr' id='par_1_4' title="bbox 200 2764 1371 3558">
     <span class='ocr_line' id='line_1_22' title="bbox 284 2764 1371 2850; baseline 0.003 -22"><span class='ocrx_word' id='word_1_177' title='bbox 284 2766 333 2828; x_wconf 78' lang='lat' dir='ltr'>Ex</span> <span class='ocrx_word' id='word_1_178' title='bbox 353 2768 403 2828; x_wconf 87' lang='lat' dir='ltr'>bis</span> <span class='ocrx_word' id='word_1_179' title='bbox 425 2767 518 2828; x_wconf 82' lang='lat' dir='ltr'>facilc</span> <span class='ocrx_word' id='word_1_180' title='bbox 538 2767 729 2848; x_wconf 83' lang='lat' dir='ltr'>intelligitur,</span> <span class='ocrx_word' id='word_1_181' title='bbox 753 2786 842 2847; x_wconf 86' lang='lat' dir='ltr'>quam</span> <span class='ocrx_word' id='word_1_182' title='bbox 865 2768 924 2828; x_wconf 89' lang='lat' dir='ltr'>alio</span> <span class='ocrx_word' id='word_1_183' title='bbox 945 2768 1025 2829; x_wconf 93' lang='lat' dir='ltr'>libro</span> <span class='ocrx_word' id='word_1_184' title='bbox 1034 2764 1079 2847; x_wconf 77' lang='lat'>²³)</span> <span class='ocrx_word' id='word_1_185' title='bbox 1102 2769 1238 2849; x_wconf 81' lang='lat' dir='ltr'>exposui,</span> <span class='ocrx_word' id='word_1_186' title='bbox 1259 2770 1371 2850; x_wconf 86' lang='lat' dir='ltr'>tripar-</span> 
     </span>
     <span class='ocr_line' id='line_1_23' title="bbox 200 2867 1371 2950; baseline 0.004 -21"><span class='ocrx_word' id='word_1_187' title='bbox 200 2867 289 2930; x_wconf 87' lang='lat' dir='ltr'>titam</span> <span class='ocrx_word' id='word_1_188' title='bbox 310 2869 485 2950; x_wconf 83' lang='lat' dir='ltr'>theologiae</span> <span class='ocrx_word' id='word_1_189' title='bbox 506 2869 631 2932; x_wconf 87' lang='lat' dir='ltr'>Veteris</span> <span class='ocrx_word' id='word_1_190' title='bbox 647 2871 840 2933; x_wconf 87' lang='lat' dir='ltr'>Testamenti</span> <span class='ocrx_word' id='word_1_191' title='bbox 862 2869 1041 2932; x_wconf 87' lang='lat' dir='ltr'>divisionem</span> <span class='ocrx_word' id='word_1_192' title='bbox 1063 2890 1114 2932; x_wconf 91' lang='lat' dir='ltr'>me</span> <span class='ocrx_word' id='word_1_193' title='bbox 1135 2871 1274 2933; x_wconf 76' lang='lat' dir='ltr'>adhunc</span> <span class='ocrx_word' id='word_1_194' title='bbox 1296 2888 1371 2950; x_wconf 89' lang='lat' dir='ltr'>quo·</span> 
     </span>
     <span class='ocr_line' id='line_1_24' title="bbox 201 2970 1370 3053; baseline 0.003 -22"><span class='ocrx_word' id='word_1_195' title='bbox 201 2989 264 3050; x_wconf 79' lang='lat' dir='ltr'>que</span> <span class='ocrx_word' id='word_1_196' title='bbox 283 2970 520 3052; x_wconf 88' lang='lat' dir='ltr'>disputationem</span> <span class='ocrx_word' id='word_1_197' title='bbox 541 2972 746 3034; x_wconf 88' lang='lat' dir='ltr'>transtulisse.</span> <span class='ocrx_word' id='word_1_198' title='bbox 774 2971 823 3033; x_wconf 89' lang='lat' dir='ltr'>Ne</span> <span class='ocrx_word' id='word_1_199' title='bbox 846 2991 919 3035; x_wconf 84' lang='lat' dir='ltr'>vero</span> <span class='ocrx_word' id='word_1_200' title='bbox 941 2973 1031 3033; x_wconf 89' lang='lat' dir='ltr'>nimis</span> <span class='ocrx_word' id='word_1_201' title='bbox 1053 2972 1268 3050; x_wconf 87' lang='lat' dir='ltr'>distrabantur,</span> <span class='ocrx_word' id='word_1_202' title='bbox 1290 2992 1370 3053; x_wconf 87' lang='lat' dir='ltr'>quae</span> 
     </span>
     <span class='ocr_line' id='line_1_25' title="bbox 201 3075 1368 3157; baseline 0.003 -25"><span class='ocrx_word' id='word_1_203' title='bbox 201 3075 371 3154; x_wconf 83' lang='lat' dir='ltr'>argumenti</span> <span class='ocrx_word' id='word_1_204' title='bbox 394 3075 574 3155; x_wconf 84' lang='lat' dir='ltr'>cognatione</span> <span class='ocrx_word' id='word_1_205' title='bbox 596 3080 667 3136; x_wconf 89' lang='lat' dir='ltr'>sunt</span> <span class='ocrx_word' id='word_1_206' title='bbox 689 3076 866 3157; x_wconf 91' lang='lat' dir='ltr'>conjuncta,</span> <span class='ocrx_word' id='word_1_207' title='bbox 892 3075 925 3137; x_wconf 89' lang='lat' dir='ltr'>iu</span> <span class='ocrx_word' id='word_1_208' title='bbox 946 3076 1044 3156; x_wconf 88' lang='lat' dir='ltr'>prima</span> <span class='ocrx_word' id='word_1_209' title='bbox 1064 3075 1252 3137; x_wconf 89' lang='lat' dir='ltr'>tractationis</span> <span class='ocrx_word' id='word_1_210' title='bbox 1276 3081 1368 3154; x_wconf 90' lang='lat' dir='ltr'>parte</span> 
     </span>
     <span class='ocr_line' id='line_1_26' title="bbox 200 3158 1364 3258; baseline -0.001 -23"><span class='ocrx_word' id='word_1_211' title='bbox 200 3158 262 3236; x_wconf 79' lang='lat' dir='ltr'>noir</span> <span class='ocrx_word' id='word_1_212' title='bbox 291 3195 328 3236; x_wconf 91' lang='lat' dir='ltr'>ea</span> <span class='ocrx_word' id='word_1_213' title='bbox 355 3181 473 3238; x_wconf 88' lang='lat' dir='ltr'>tantum</span> <span class='ocrx_word' id='word_1_214' title='bbox 501 3197 666 3257; x_wconf 87' lang='lat' dir='ltr'>exponam,</span> <span class='ocrx_word' id='word_1_215' title='bbox 700 3198 778 3258; x_wconf 91' lang='lat' dir='ltr'>quae</span> <span class='ocrx_word' id='word_1_216' title='bbox 805 3179 837 3239; x_wconf 95' lang='lat' dir='ltr'>in</span> <span class='ocrx_word' id='word_1_217' title='bbox 864 3178 1069 3240; x_wconf 89' lang='lat' dir='ltr'>Pentateucbi</span> <span class='ocrx_word' id='word_1_218' title='bbox 1096 3178 1182 3241; x_wconf 83' lang='lat' dir='ltr'>libris</span> <span class='ocrx_word' id='word_1_219' title='bbox 1208 3174 1245 3234; x_wconf 94' lang='lat' dir='ltr'>ad</span> <span class='ocrx_word' id='word_1_220' title='bbox 1271 3192 1364 3252; x_wconf 91' lang='lat' dir='ltr'>quae·</span> 
     </span>
     <span class='ocr_line' id='line_1_27' title="bbox 201 3276 1368 3356; baseline 0.001 -20"><span class='ocrx_word' id='word_1_221' title='bbox 201 3277 333 3339; x_wconf 85' lang='lat' dir='ltr'>ationem</span> <span class='ocrx_word' id='word_1_222' title='bbox 354 3284 491 3339; x_wconf 87' lang='lat' dir='ltr'>nostram</span> <span class='ocrx_word' id='word_1_223' title='bbox 512 3280 681 3356; x_wconf 89' lang='lat' dir='ltr'>pertinent,</span> <span class='ocrx_word' id='word_1_224' title='bbox 704 3279 760 3340; x_wconf 87' lang='lat' dir='ltr'>sed</span> <span class='ocrx_word' id='word_1_225' title='bbox 782 3280 876 3340; x_wconf 89' lang='lat' dir='ltr'>etiam</span> <span class='ocrx_word' id='word_1_226' title='bbox 899 3286 1073 3342; x_wconf 88' lang='lat' dir='ltr'>ceterorum</span> <span class='ocrx_word' id='word_1_227' title='bbox 1087 3279 1156 3343; x_wconf 86' lang='lat' dir='ltr'>Vct.</span> <span class='ocrx_word' id='word_1_228' title='bbox 1171 3276 1368 3338; x_wconf 85' lang='lat' dir='ltr'>Testamenti</span> 
     </span>
     <span class='ocr_line' id='line_1_28' title="bbox 200 3378 1369 3460; baseline -0.001 -20"><span class='ocrx_word' id='word_1_229' title='bbox 200 3378 365 3455; x_wconf 90' lang='lat' dir='ltr'>librorum,</span> <span class='ocrx_word' id='word_1_230' title='bbox 395 3389 544 3459; x_wconf 89' lang='lat' dir='ltr'>quatenus</span> <span class='ocrx_word' id='word_1_231' title='bbox 574 3400 680 3441; x_wconf 88' lang='lat' dir='ltr'>eorum</span> <span class='ocrx_word' id='word_1_232' title='bbox 702 3383 857 3443; x_wconf 87' lang='lat' dir='ltr'>sententia</span> <span class='ocrx_word' id='word_1_233' title='bbox 879 3382 1078 3446; x_wconf 88' lang='lat' dir='ltr'>Mosaismum</span> <span class='ocrx_word' id='word_1_234' title='bbox 1105 3400 1177 3444; x_wconf 90' lang='lat' dir='ltr'>non</span> <span class='ocrx_word' id='word_1_235' title='bbox 1197 3385 1369 3460; x_wconf 89' lang='lat' dir='ltr'>superat,</span> 
     </span>
     <span class='ocr_line' id='line_1_29' title="bbox 200 3481 935 3558; baseline 0.005 -16"><span class='ocrx_word' id='word_1_236' title='bbox 200 3481 268 3544; x_wconf 90' lang='lat' dir='ltr'>sed</span> <span class='ocrx_word' id='word_1_237' title='bbox 289 3482 480 3558; x_wconf 88' lang='lat' dir='ltr'>illustrat,</span> <span class='ocrx_word' id='word_1_238' title='bbox 503 3483 655 3544; x_wconf 89' lang='lat' dir='ltr'>rationem</span> <span class='ocrx_word' id='word_1_239' title='bbox 677 3502 745 3545; x_wconf 92' lang='lat' dir='ltr'>sum</span> <span class='ocrx_word' id='word_1_240' title='bbox 764 3484 935 3547; x_wconf 89' lang='lat' dir='ltr'>habiturus.</span> 
     </span>
    </p>
   </div>
   <div class='ocr_carea' id='block_1_3' title="bbox 198 3728 1372 3985">
    <p class='ocr_par' dir='ltr' id='par_1_5' title="bbox 198 3728 1372 3985">
     <span class='ocr_line' id='line_1_30' title="bbox 284 3728 1372 3816; baseline 0.005 -19"><span class='ocrx_word' id='word_1_241' title='bbox 284 3728 337 3814; x_wconf 72' lang='lat' dir='ltr'>te)</span> <span class='ocrx_word' id='word_1_242' title='bbox 359 3739 421 3798; x_wconf 80' lang='lat' dir='ltr'>vn.</span> <span class='ocrx_word' id='word_1_243' title='bbox 443 3743 688 3816; x_wconf 74' lang='lat' dir='ltr'>rroiegomena</span> <span class='ocrx_word' id='word_1_244' title='bbox 709 3761 733 3801; x_wconf 70' lang='lat' dir='ltr'>n.</span> <span class='ocrx_word' id='word_1_245' title='bbox 757 3745 873 3802; x_wconf 71' lang='lat' dir='ltr'>ruem.</span> <span class='ocrx_word' id='word_1_246' title='bbox 896 3745 957 3800; x_wconf 75' lang='lat' dir='ltr'>uos</span> <span class='ocrx_word' id='word_1_247' title='bbox 978 3745 1013 3801; x_wconf 79' lang='lat' dir='ltr'>n.</span> <span class='ocrx_word' id='word_1_248' title='bbox 1036 3744 1065 3799; x_wconf 82' lang='lat' dir='ltr'>r.</span> <span class='ocrx_word' id='word_1_249' title='bbox 1088 3747 1107 3811; x_wconf 71' lang='lat' dir='ltr'>n</span> <span class='ocrx_word' id='word_1_250' title='bbox 1131 3738 1182 3800; x_wconf 84' lang='lat' dir='ltr'>lo.</span> <span class='ocrx_word' id='word_1_251' title='bbox 1205 3772 1248 3786; x_wconf 91' lang='grc'>-</span> <span class='ocrx_word' id='word_1_252' title='bbox 1265 3743 1372 3802; x_wconf 73' lang='lat' dir='ltr'>orsm-</span> 
     </span>
     <span class='ocr_line' id='line_1_31' title="bbox 198 3827 1371 3905; baseline 0.003 -21"><span class='ocrx_word' id='word_1_253' title='bbox 198 3827 253 3885; x_wconf 89' lang='lat' dir='ltr'>buo</span> <span class='ocrx_word' id='word_1_254' title='bbox 273 3827 445 3900; x_wconf 87' lang='lat' dir='ltr'>Theologiam</span> <span class='ocrx_word' id='word_1_255' title='bbox 466 3827 528 3886; x_wconf 84' lang='lat' dir='ltr'>Vct.</span> <span class='ocrx_word' id='word_1_256' title='bbox 549 3830 710 3889; x_wconf 84' lang='lat' dir='ltr'>Testamenti</span> <span class='ocrx_word' id='word_1_257' title='bbox 736 3829 763 3887; x_wconf 92' lang='lat' dir='ltr'>iu</span> <span class='ocrx_word' id='word_1_258' title='bbox 784 3836 843 3888; x_wconf 85' lang='lat' dir='ltr'>tros</span> <span class='ocrx_word' id='word_1_259' title='bbox 861 3838 965 3905; x_wconf 80' lang='lat' dir='ltr'>portes,</span> <span class='ocrx_word' id='word_1_260' title='bbox 992 3828 1186 3898; x_wconf 74' lang='lat' dir='ltr'>nosaismun,</span> <span class='ocrx_word' id='word_1_261' title='bbox 1205 3829 1371 3902; x_wconf 83' lang='lat' dir='ltr'>Prophetis-</span> 
     </span>
     <span class='ocr_line' id='line_1_32' title="bbox 199 3912 490 3985; baseline 0.01 -17"><span class='ocrx_word' id='word_1_262' title='bbox 199 3930 278 3985; x_wconf 90' lang='lat' dir='ltr'>mum,</span> <span class='ocrx_word' id='word_1_263' title='bbox 299 3912 490 3971; x_wconf 83' lang='lat' dir='ltr'>Hebreismum.</span> 
     </span>
    </p>
   </div>
   <div class='ocr_carea' id='block_1_4' title="bbox 0 0 1580 5300">
    <p class='ocr_par' dir='ltr' id='par_1_6' title="bbox 0 0 1580 5300">
     <span class='ocr_line' id='line_1_33' title="bbox 0 0 1580 5300; baseline 0 0"><span class='ocrx_word' id='word_1_264' title='bbox 0 0 1580 5300; x_wconf 95' lang='lat' dir='ltr'> </span> 
     </span>
    </p>
   </div>
  </div>
 </body>
</html>
