3150 5300
758 483 812 564 lt

197 704 267 758 tuos
289 696 321 756 in
342 696 433 757 vitam
457 713 602 758 revocare
623 711 755 775 posse;
788 693 921 757 eundem
949 701 1051 758 sutem
1072 701 1208 757 mortuos
1231 714 1272 757 er
1291 695 1372 757 infe
1406 769 1409 774 ,

197 800 241 859 ris
268 799 300 858 in
326 799 418 860 vitam
452 817 598 860 revocare
631 798 734 860 veile
768 803 802 860 et
829 798 988 878 aliquando
1021 819 1130 861 revera
1157 804 1372 860 revocaturum

142 974 144 980 Ι
199 918 279 978 esse,
301 901 379 964 beer
401 900 529 963 scientio
550 901 609 962 olio
629 900 678 961 via
699 900 832 962 excitata
852 905 902 962 est
924 904 957 963 et
978 901 1165 962 confirmata.

284 1294 318 1372 l)
339 1296 436 1358 Beoto
457 1296 511 1356 iilo
532 1311 617 1367 aevo,
639 1293 669 1353 in
686 1293 773 1374 cujus
794 1293 906 1352 laetam
922 1292 1161 1374 descriptionem
1182 1293 1283 1354 omnis
1303 1294 1371 1357 fere

198 1399 361 1481 prophetia
382 1381 534 1470 decurrit,
564 1414 655 1474 quum
678 1394 794 1470 omnio,
823 1395 1002 1473 quibuscum
1023 1414 1120 1477 regno
1140 1395 1243 1458 divino
1264 1397 1370 1458 dooer-
1414 1431 1416 1444 =

197 1502 323 1563 tandum
346 1504 427 1572 erat,
456 1497 581 1558 hostilio
602 1503 756 1577 prostrata
772 1499 941 1579 jacebunt,
964 1503 1046 1574 tum,
1074 1517 1273 1579 quomque
1294 1500 1371 1561 mala

199 1604 355 1665 bominum
382 1600 475 1660 vitem
502 1600 564 1660 ulio
593 1600 684 1660 modo
713 1601 897 1661 conturbare
924 1606 1067 1682 possunt,
1096 1620 1136 1663 es
1164 1602 1288 1663 civitate
1315 1602 1371 1662 Dei

200 1725 270 1768 eum
291 1708 420 1783 peceato
442 1707 532 1763 eruut
559 1702 688 1768 sublata.
731 1702 765 1762 ld
795 1702 834 1762 od
860 1708 1019 1765 mortem
1047 1722 1182 1784 quoque,
1213 1704 1296 1783 quod
1323 1712 1370 1766 est

198 1806 347 1867 melorum
376 1822 543 1878 summum,
575 1804 735 1884 pertinere
769 1824 900 1865 necesse
927 1812 991 1880 est3
1028 1826 1097 1866 nam
1125 1806 1277 1886 quomodo
1304 1806 1370 1868 fleri
1412 1791 1416 1864 Ι,

198 1908 330 1988 poterit,
352 1909 387 1966 ut
409 1906 467 1967 alia
489 1907 622 1986 quidem,
646 1926 723 1987 quae
746 1926 764 1967 a
784 1913 914 1987 peccato
937 1912 1005 1967 orto
1026 1914 1110 1983 sunt,
1137 1928 1175 1969 ex
1194 1929 1298 1970 rerum
1321 1929 1369 1970 na·

198 2017 268 2071 turo
289 2008 450 2071 deleantur
472 2009 546 2089 (vid.
569 2030 597 2071 e.
619 2029 649 2091 g.
670 2010 733 2071 Jes.
757 2006 809 2084 ll,
832 2007 929 2069 5-7
952 2011 1021 2071 ooli.
1044 2011 1122 2071 Gen.
1144 2007 1175 2086 3,
1199 2008 1267 2087 15),
1289 2032 1370 2073 mors
1409 2023 1416 2100 t

198 2111 267 2193 ipsa
288 2118 407 2188 autem,
430 2132 508 2191 quae
531 2117 581 2172 est
601 2113 722 2191 peceati
743 2129 844 2191 poeno
866 2112 902 2192 (1,
924 2113 983 2191 B),
1012 2113 1094 2173 inter
1115 2114 1253 2193 expiatos
1274 2114 1369 2176 homi-

199 2232 255 2276 nes
277 2214 428 2275 dominari
449 2233 510 2274 non
532 2213 662 2275 desinat.
711 2214 822 2274 Exstat
844 2214 966 2292 quidem
988 2215 1051 2275 Jes.
1074 2210 1130 2291 65,
1160 2213 1199 2276 17
1222 2235 1267 2295 oq.
1289 2218 1370 2278 illius

200 2316 322 2378 futurae
344 2317 454 2378 aetatis
476 2315 683 2391 adumbratio,
711 2317 742 2375 in
765 2336 824 2394 qua
845 2317 965 2376 subitae
990 2322 1109 2377 tantum
1133 2324 1165 2379 et
1191 2320 1371 2382 immaturae

199 2420 308 2481 mortis
330 2419 455 2479 abolitio
478 2439 513 2479 ao
534 2419 615 2479 vitoe
637 2418 850 2499 longitudinis,
879 2418 975 2497 qualis
996 2420 1238 2499 patriarcharum
1260 2422 1371 2499 fuerat,

199 2522 356 2585 restitutio
380 2521 579 2602 promittitur.
622 2522 800 2597 intereos,
830 2521 881 2600 qui
909 2541 1004 2583 novoe
1031 2522 1146 2583 civitati
1167 2524 1226 2585 Dei
1247 2526 1372 2607 ascripti

200 2625 278 2699 sint,
301 2625 344 2685 ait
364 2623 518 2705 propbeta
538 2642 566 2685 v.
588 2620 632 2684 20
653 2642 711 2703 sq,
731 2642 793 2684 aon
812 2630 961 2704 repertum
981 2625 1022 2686 iri
1042 2627 1187 2706 infantem
1204 2633 1278 2707 post
1292 2648 1372 2708 port·

200 2748 304 2816 eoram
324 2727 441 2793 dim
461 2727 553 2786 vitum
574 2725 747 2796 obortmtum,
769 2745 867 2806 nepae
880 2746 987 2798 omrem,
1009 2730 1181 2811 qroijustom
1200 2731 1281 2790 ottae
1294 2751 1371 2792 men-

200 2814 301 2892 sarum
322 2848 382 2890 non
403 2825 602 2907 compleverit.
636 2826 698 2897 Qut
720 2829 908 2890 termimum
929 2849 1039 2891 annom
1060 2851 1152 2911 opem
1172 2840 1304 2894 mortuos
1325 2836 1372 2905 sit,

198 2952 259 3012 pro
280 2914 499 2993 adolescentulo
519 2930 651 2991 tabitam
673 2931 721 3001 o’rr‘,
744 2937 774 2991 et
794 2932 845 2990 eut
858 2937 892 2991 ot
904 2932 1039 3020 improbo
1060 2931 1250 2994 maledictum
1267 2938 1373 3014 fiterit,

201 3054 268 3096 eom
288 3040 403 3094 cotton
425 3053 569 3094 annorum
596 3039 722 3094 oetatem
743 3039 908 3094 assecutum
929 3054 1000 3096 orso.
1043 3032 1190 3096 Arborum
1216 3037 1313 3096 instar
1339 3036 1375 3098 it

200 3135 296 3197 lorum
322 3135 472 3196 bononem
497 3138 589 3197 vitoni
616 3137 792 3198 dumtorom
818 3155 881 3197 esso
908 3143 963 3198 eto.
991 3136 1055 3216 (ef.
1083 3136 1173 3197 Such.
1195 3132 1231 3209 8,
1259 3134 1305 3210 t).
1326 3169 1377 3190 .-.

202 3238 268 3299 Sed
289 3240 347 3298 hoo
368 3239 572 3319 promissione
598 3239 673 3299 satis
701 3259 761 3298 non
789 3243 839 3300 est
868 3239 982 3299 fastum
1010 3237 1077 3317 spei
1102 3236 1223 3296 futurae
1251 3236 1375 3318 salutis,

201 3346 236 3401 ut
257 3361 345 3420 quae,
368 3341 548 3401 nisimorte
569 3341 707 3402 funditus
731 3342 890 3418 exstincte,
914 3338 1053 3399 omnibus
1075 3337 1210 3399 numeris
1232 3338 1376 3405 absoluto

201 3441 311 3504 haberi
331 3462 393 3503 non
414 3443 523 3521 possit.
567 3443 695 3504 itinero
717 3443 907 3505 declaratum
929 3448 979 3504 est
1005 3440 1067 3503 Jes.
1089 3437 1142 3516 25,
1163 3436 1205 3516 8.,
1226 3438 1280 3500 ubi
1301 3461 1374 3521 pro·

203 3545 345 3619 mittitur,
367 3551 513 3606 venturae
529 3545 635 3606 salutis
649 3552 790 3625 tempore
804 3545 905 3606 Deam
927 3552 1076 3606 mortem
1097 3545 1133 3604 in
1150 3549 1375 3623 perpetuum

203 3648 482 3707 exstinctorum
504 3654 533 3706 et
552 3646 700 3729 lacrymas
722 3648 760 3709 ab
781 3649 862 3709 omni
879 3649 966 3726 socie
983 3646 1183 3725 obstessnrum
1204 3643 1337 3729 esse⁹¹).

286 3743 322 3831 2)
343 3749 430 3808 Hane
445 3755 547 3809 autem
562 3750 798 3830 promissionem
820 3748 913 3825 etism
935 3747 975 3807 ad
995 3750 1165 3807 mortuos
1187 3747 1255 3825 pios
1276 3749 1374 3819 imo.

203 3850 273 3910 litas
301 3851 459 3930 pertinere
487 3871 617 3914 necesse
645 3858 709 3928 est,
737 3858 772 3912 ut
797 3851 920 3910 firmum
946 3834 1106 3925 nomque
1127 3854 1263 3924 maneat,
1292 3852 1376 3930 quod

203 3952 377 4013 universum
404 3953 476 4015 vet.
506 3954 740 4017 Testamentum
774 3953 814 4015 de
834 3952 944 4037 ¹(iiviris
975 3949 1099 4033 pietatis
1126 3954 1375 4027 remuneratione

204 4054 316 4115 sanxit.
352 4055 397 4117 Ut
418 4058 499 4119 enim
521 4059 591 4138 iege
611 4059 747 4120 Mosaiso
768 4055 951 4130 declaratur,
965 4052 1069 4141 ‚iustos
1078 4052 1218 4133 justitiae
1238 4052 1376 4118 fructum

170 4180 172 4185 ·
203 4163 406 4237 pereepturos
428 4178 508 4238 esse,
527 4160 571 4221 ita
591 4160 762 4240 prophetae
782 4157 877 4220 etiam
891 4161 983 4236 atque
998 4153 1092 4215 otiam
1106 4154 1271 4232 affirmant,
1291 4157 1375 4221 inter

389 4315 508 4322 ——-...

289 4412 342 4492 91)
370 4387 510 4491 Perpetem
537 4418 656 4475 nonnulii
675 4415 876 4490 judiosverunt,
904 4415 1059 4490 propbetam
1085 4418 1139 4475 boo
1163 4413 1228 4475 looo
1242 4422 1374 4476 tantom-

206 4499 287 4559 modo
308 4503 353 4560 vel
373 4502 408 4559 de
430 4505 549 4560 taedium
571 4521 603 4560 oo
623 4504 754 4561 beliorum
774 4503 841 4570 tine,
863 4503 907 4561 vel
929 4503 964 4561 do
985 4502 1055 4582 vitoe
1076 4501 1210 4561 bominum
1230 4501 1279 4561 ilio
1299 4510 1373 4562 tom-

199 4602 272 4660 pore
293 4595 413 4647 uotorum
433 4589 604 4648 diuturnitate
624 4589 707 4662 loqui.
1231 4597 1233 4601 '
