3150 5300
772 527 825 603 44

212 742 265 817 get
278 732 332 812 80).
375 730 554 813 „Callipata
583 731 828 810 (tedoadum
856 732 989 814 expiem,
1016 732 1115 795 edhuc
1142 752 1263 814 poenae
1285 735 1379 795 olmo-

212 835 318 917 xio⁸⁷)
346 843 391 897 est
414 834 504 916 calpa
532 832 705 914 Ephraimi,
737 842 919 897 assecretem
945 838 1010 919 ejus
1034 843 1203 916 peccatam.
1250 835 1381 897 Dolores

209 940 406 1022 paramentis
425 939 548 997 oeairmt
569 938 612 1008 εἰς
635 944 678 997 est
692 936 742 997 itte
752 936 835 1017 filias
855 939 1007 1018 incipieus,
1028 941 1178 1020 precatam,
1201 958 1294 1020 paam
1314 944 1380 998 tem·

207 1063 268 1123 pas
295 1039 390 1118 sit⁸⁸)
418 1040 677 1119 (reperiendi),
704 1059 765 1099 noa
792 1041 885 1100 intrat
904 1041 936 1099 tn
957 1060 991 1101 or
1012 1041 1116 1101 ateri.“
1138 1075 1180 1088 -
1216 1040 1378 1102 Doloribue
1411 1071 1414 1128 p

211 1144 409 1225 parturientis
436 1143 645 1223 significentur
666 1142 824 1216 miseriae,
852 1143 934 1203 inter
960 1161 1034 1220 quoe
1062 1143 1190 1223 populus
1217 1142 1378 1203 imminens
1412 1147 1414 1156 '

211 1267 314 1309 rerum
343 1246 509 1306 discrimen
537 1246 625 1305 auxie
653 1248 813 1324 exspectet
838 1243 893 1325 (cf.
914 1244 978 1306 les.
1000 1240 1058 1320 96,
1081 1242 1132 1305 17.
1160 1243 1258 1306 Mich.
1280 1242 1312 1320 4,
1336 1241 1378 1325 9).

212 1349 329 1426 Quibus
351 1348 411 1408 hoc
432 1348 528 1408 voluit
549 1348 632 1409 Deus
654 1346 755 1422 effici,
782 1352 818 1408 ut
838 1366 876 1407 ex
896 1348 1010 1426 populo
1037 1346 1132 1427 impio
1153 1365 1248 1407 novus
1271 1347 1377 1409 melior

211 1459 316 1533 portus
343 1451 498 1512 ederetur.
543 1449 606 1511 Sed
633 1449 727 1511 lsrael
754 1468 816 1511 non
840 1450 995 1529 recipiet,
1023 1454 1057 1511 et
1083 1447 1243 1522 edDeum
1266 1450 1378 1511 reverti

211 1560 356 1615 moretur.
398 1553 433 1613 lu
455 1554 523 1632 ipso
544 1553 638 1632 igitur
657 1553 768 1613 liceret
794 1553 969 1615 retardatae
990 1551 1096 1612 solutio
1116 1551 1215 1632 culpe.
1259 1551 1378 1631 Alioqui

210 1656 293 1718 Deus
315 1675 389 1716 sune
409 1660 595 1733 potestatem
617 1653 714 1714 hebet
734 1654 879 1714 leretlem
900 1653 1092 1715 restituendi.
1120 1672 1148 1713 v.
1164 1649 1206 1713 14
1227 1654 1302 1729 „Ex
1323 1674 1377 1735 po

210 1764 356 1819 testate
385 1755 475 1816 Orci
502 1756 663 1815 servabo
691 1773 773 1830 eos,
802 1776 820 1814 o
847 1762 970 1817 morte
999 1774 1063 1817 eos
1091 1755 1288 1831 redimom3
1316 1756 1377 1817 ubi

209 1864 346 1938 pestes
368 1862 454 1917 tuce
477 1875 593 1932 more,
615 1856 681 1916 ubi
701 1857 789 1917 luee
811 1862 875 1918 tua
897 1856 1037 1918 0rce!“
1064 1858 1159 1939 Cujus
1180 1857 1376 1920 redemtionis

211 1981 301 2040 quum
324 1965 445 2039 tempus
467 1958 565 2033 adest,
582 1937 769 2038 poenitentia
789 1965 902 2019 remota
924 1959 1039 2019 critob
1061 1959 1156 2020 ocalr's
1176 1962 1268 2021 metm
1289 1963 1334 2043 (h.
1349 1984 1375 2025 e.

210 2053 408 2122 immutabilis
430 2061 526 2121 stabit
547 2060 604 2120 Dei
626 2060 803 2139 sententio).
825 2094 870 2105 -
896 2061 1207 2123 Animadvertendum
1234 2069 1285 2124 ert
1311 2064 1375 2124 dili-
1412 2069 1414 2078 '

210 2171 336 2245 genter,
359 2181 495 2238 causam,
519 2182 573 2222 cur
595 2162 677 2221 Deus
700 2168 871 2222 emortuum
893 2164 1037 2242 populum
1060 2164 1100 2225 ed
1119 2165 1212 2225 vitum
1233 2185 1375 2227 revocure

208 2266 322 2347 possit,
346 2284 443 2326 exeo
465 2265 581 2344 repeti,
611 2263 707 2343 quod
733 2264 803 2326 ille
825 2265 975 2325 omnino
997 2268 1113 2327 morti
1134 2274 1173 2329 et
1194 2268 1292 2329 0rco
1314 2269 1372 2330 im-

210 2421 382 2429 ·--·....--....
389 2421 419 2426 ...-
428 2419 514 2426 -...-

295 2522 347 2600 88)
376 2524 421 2580 Sic
448 2530 522 2580 recte
548 2524 594 2579 l’h.
610 2523 642 2579 D.
664 2525 753 2580 Burlr
775 2522 880 2597 (duom.
903 2525 930 2583 iu
951 2529 1046 2601 proph.
1068 2526 1159 2604 min.):
1178 2525 1374 2603 „promtam

207 2607 271 2670 Dei
296 2608 376 2669 seria
403 2606 546 2666 aduersas
573 2624 709 2665 securam
730 2603 987 2687 Ephraimitaram
1004 2611 1270 2689 praesumtionem,
1298 2617 1333 2671 at
1351 2610 1376 2671 εἰ

203 2695 328 2774 peccati
347 2689 444 2752 naum
465 2691 552 2769 apud
571 2689 670 2750 Deam
691 2711 794 2752 senna
816 2700 902 2764 emet,
925 2714 1021 2779 aeque
1042 2693 1104 2756 otta
1125 2697 1212 2776 apert
1230 2694 1376 2756 homiaem

207 2777 408 2839 solticitadr'ne
429 2794 505 2853 opas
522 2778 633 2853 foret.“

292 2913 345 2991 87)
371 2915 520 2971 Verborum
539 2915 682 2971 cententio
710 2916 803 2973 eedem
826 2924 883 2990 eet,
912 2936 980 2992 quac
1001 2915 1031 2993 9,
1054 2916 1084 2978 9.
1114 2921 1268 2994 exprimitur
1296 2931 1374 2996 Ἑν

209 3009 369 3076 omnm
398 3008 494 3110 *1¹75*
527 3006 628 3078 [my.
670 2999 762 3080 Louge
784 3019 864 3062 secus
885 2998 1072 3078 interpretetur
1093 3004 1246 3064 Umbreit
1273 3004 1375 3079 (praet.

207 3089 306 3144 comm.
329 3086 374 3140 tib.
398 3084 424 3138 d.
447 3085 484 3140 kl.
507 3085 625 3159 Proph.):
648 3080 731 3155 „Dte
744 3082 867 3144 Stlnrrne
888 3086 942 3146 des
957 3085 1056 3146 Zoms
1077 3083 1209 3157 cechaldi,
1231 3087 1298 3144 aad
1317 3089 1378 3150 das

206 3167 341 3228 liedllclte
368 3163 454 3226 Warl
473 3165 528 3226 der
553 3163 661 3226 Gnade
687 3168 766 3228 wird
792 3189 985 3230 oemommen.
1028 3167 1102 3228 Die
1117 3167 1277 3239 *Sedula
1302 3189 1378 3232 aaa

205 3252 380 3332 Ephraim
407 3247 479 3309 soll
503 3270 574 3310 aaa
598 3255 664 3331 siti·
692 3254 814 3314 immor
840 3270 1037 3333 oeryessen
1062 3260 1178 3332 sepaf‘
1233 3253 1375 3332 Concedo,

205 3342 287 3398 verba
309 3340 344 3397 ito
366 3339 449 3394 intelli
472 3339 575 3412 iposse
597 3338 724 3412 (otiien.
741 3338 771 3414 9,
787 3338 848 3416 aa,
870 3341 916 3398 ubi
937 3339 1071 3415 similibus,
1085 3339 1263 3397 locutionibus
1286 3349 1376 3418 ῃῃῃ

204 3434 337 3499 mmm
363 3431 391 3480 et
418 3356 494 3500 εξ)
526 3433 614 3500 pm&
642 3435 812 3498 peccatorum
838 3427 948 3485 abolitio
976 3424 1159 3501 significatur).
1202 3424 1257 3482 Sed
1282 3433 1376 3486 nostru

205 3509 348 3583 explicatio
371 3509 521 3565 defenditur
541 3509 609 3565 locis
630 3511 693 3569 lob.
712 3507 762 3584 14,
787 3509 836 3571 17.
859 3515 937 3571 Dent.
960 3507 1012 3584 32,
1034 3509 1085 3569 84.

291 3641 343 3720 88)
366 3645 405 3700 cf.
421 3645 464 3701 rs.
482 3640 553 3717 lor,
570 3642 619 3718 14,
636 3648 680 3706 uhi
695 3649 785 3708 verbis
801 3659 858 3737 ny
883 3656 923 3736 ⁸2
945 3647 1110 3720 respondent
1130 3649 1226 3733 ψῃ
1252 3653 1305 3747 a}
1322 3657 1373 3719 Ἦ.

203 3810 248 3824 -
267 3780 417 3841 Umbreit
444 3785 643 3857 iuterpretatur:
674 3791 716 3841 ert
743 3784 814 3842 lilim
835 3781 979 3853 insipieus,
1007 3781 1128 3852 quoniam
1149 3781 1247 3852 justum
1268 3789 1374 3861 tempus

204 3868 230 3923 in
259 3867 328 3922 uteri
354 3885 402 3924 ore
429 3886 481 3927 uon
509 3869 638 3925 manebat.
682 3862 774 3933 „Der
795 3860 933 3940 Propdel
958 3858 1082 3921 aerltisst
1105 3861 1171 3921 lrler
1197 3863 1254 3924 das
1278 3886 1375 3944 qnare

211 3945 300 4017 Velle,
329 3949 386 4008 das
408 3969 440 4008 er
462 3948 534 4010 eben
556 3955 616 4009 eret
635 3945 681 4006 alr
705 3942 873 4007 Geddrert'n
902 3946 1084 4026 caspefarst,
1111 3967 1161 4009 am
1187 3947 1301 4009 sclrnell
1321 3952 1374 4012 die

202 4030 362 4092 Etnzetnen
388 4036 443 4094 mit
465 4031 717 4109 onvasmodtpen
742 4028 881 4090 Kiadern
907 4051 942 4090 za
968 4029 1167 4110 aerplec'cdea,
1197 4032 1249 4093 dte
1273 4034 1373 4096 daret

203 4118 269 4176 ciac
289 4137 323 4176 za
345 4119 413 4178 selrr
434 4116 649 4194 beseleleaaipte
673 4112 787 4175 Gedart
806 4117 862 4177 der
883 4114 993 4176 Matter
1010 4113 1128 4196 Gefalrr
1142 4117 1274 4197 briayea.
1303 4119 1373 4180 Der

202 4201 328 4261 Measclr
348 4203 406 4263 soll
423 4202 489 4262 siclt
509 4199 595 4260 malet
614 4197 738 4279 voreilip
759 4198 848 4262 selbot
860 4199 960 4280 telfca
980 4201 1093 4273 mellea,
1117 4201 1248 4263 tandm
1265 4204 1373 4283 pedat·

203 4287 258 4367 clip
280 4290 340 4365 auf
356 4288 407 4346 die
420 4287 535 4348 &ande
555 4284 673 4355 durren,
695 4286 746 4347 die
770 4283 844 4347 Goa
861 4307 896 4348 za
917 4289 1015 4348 seiaer
1028 4285 1177 4367 Erldcaaq
1189 4288 1372 4367 .9eordrtet.“

204 4377 277 4444 Quae
305 4376 435 4432 sententia
463 4374 496 4430 ad
523 4374 650 4432 orationis
679 4383 831 4433 contextum
864 4393 917 4434 non
945 4384 988 4433 cst
1015 4376 1220 4434 accommodate.
1265 4378 1372 4435 Etenim

202 4480 256 4519 nou
277 4461 477 4537 impatientiam,
501 4477 567 4531 quae
590 4459 705 4517 divinum
727 4461 852 4519 auxilium
870 4463 944 4535 justo
967 4461 1045 4519 citius
1067 4468 1195 4520 mrturme
1217 4461 1298 4535 velit,
1320 4464 1372 4520 sed

203 4547 353 4604 socordiam
375 4553 402 4604 et
423 4546 612 4604 contumaciam
632 4547 733 4622 populi,
755 4565 790 4606 ue
804 4565 903 4606 summa
917 4547 1023 4623 quidem
1038 4547 1143 4606 miserie
1162 4544 1280 4621 fractum,
1300 4564 1370 4623 pro·

191 4633 281 4704 piretu
303 4650 326 4689 r.
352 4627 380 4693 2.
406 4640 435 4691 et
456 4629 485 4690 9.
508 4631 652 4692 accusavit.
