3150 5300
759 511 810 585 27

197 735 330 796 quorum
350 717 519 794 sententia,
545 718 572 778 si
593 736 732 780 seorsum
754 736 809 779 eos
830 718 1017 798 inspexeris,
1039 718 1180 781 dubitare
1200 722 1292 799 licet,
1313 743 1366 803 pa-

196 820 280 880 riter
301 820 478 901 explicanda
499 839 580 881 esse.
622 821 723 900 Ipsam
745 824 847 882 autem
869 839 977 881 vocem
1005 802 1090 917 5pr
1120 842 1158 883 ex
1179 824 1302 904 antiqua
1321 827 1367 886 lo·

200 955 316 1034 quendi
342 956 578 1032 consuetudine,
610 956 707 1036 qualis
735 957 767 1016 in
794 955 1007 1018 Pentateucho
1036 959 1171 1035 obtinet,
1205 960 1298 1020 etiam
1328 961 1368 1021 de

201 1059 387 1137 sepulcro
409 1065 584 1139 usurpatam
605 1060 713 1134 fuisse,
736 1057 818 1138 qnod
840 1059 927 1119 multi
950 1060 1064 1139 opinati
1087 1067 1157 1121 sunt
1172 1058 1224 1142 ⁶⁶),
1247 1063 1368 1124 omnino

198 1162 397 1241 comprobari
417 1163 532 1241 nequit.
560 1163 686 1223 Etenim
709 1162 816 1238 exiis,
839 1181 915 1239 quos
936 1182 992 1241 pro
1015 1163 1073 1223 hac
1089 1165 1243 1225 sententia
1258 1165 1368 1227 afferre

198 1264 320 1339 solent,
341 1264 417 1324 locis
438 1284 531 1340 unus,
560 1265 638 1326 Gen.
661 1259 713 1339 37,
735 1259 787 1325 35.
816 1265 1001 1324 contrarium
1029 1264 1136 1339 docet,
1165 1268 1235 1345 quia
1254 1267 1370 1329 Jacobo

201 1383 265 1425 non
284 1365 371 1425 licuit
393 1366 514 1442 dicere,
542 1387 577 1427 se
599 1366 637 1426 ad
658 1366 827 1446 Joseplrum
847 1367 960 1443 filium,
989 1388 1080 1446 quem
1101 1369 1283 1430 laniatum
1305 1371 1370 1450 opi·

198 1469 340 1543 nabetur,
361 1469 394 1529 in
415 1470 635 1549 sepulcrum
657 1468 879 1531 descensurum
902 1488 982 1530 csse.
1013 1471 1136 1551 Siquis
1159 1477 1261 1532 autem
1276 1473 1371 1533 verbo

198 1552 347 1679 rabbo·
371 1579 453 1680 pugn
479 1573 587 1683 ‚app
610 1578 716 1665 7273„
741 1572 835 1652 (cen.
858 1568 910 1647 aa,
933 1567 984 1633 as.
1007 1569 1060 1648 ar,
1081 1569 1133 1633 aa.
1155 1569 1221 1654 ar.)
1243 1574 1371 1636 steven

200 1724 329 1785 urgere,
354 1712 389 1768 ut
414 1706 624 1768 tantummodo
652 1708 690 1767 ad
718 1727 757 1769 se
764 1709 937 1787 pulcrum
964 1707 1077 1769 referri
1105 1708 1254 1785 debeant,
1287 1711 1371 1771 idem

198 1808 296 1868 faciat
315 1828 447 1871 necesse
469 1810 570 1871 estin
593 1811 780 1890 explicandis
803 1811 952 1876 similibus
973 1810 1190 1887 locutionibus,
1214 1832 1291 1892 quae
1305 1812 1368 1875 Jes.

201 1907 253 1986 14,
278 1908 328 1972 ll.
351 1917 385 1972 et
404 1912 477 1973 alibi
499 1918 671 1974 occurrunt.
704 1912 820 1989 Quodsi
841 1931 914 1972 vero
936 1914 995 1974 hae
1018 1912 1056 1972 ad
1076 1914 1198 1974 literam
1220 1935 1280 1975 non
1300 1922 1371 1976 sunt

198 2014 408 2094 accipiendae,
431 2035 492 2076 non
514 2020 571 2089 cst,
595 2014 676 2093 quod
698 2015 729 2074 in
751 2015 846 2095 priori
867 2016 920 2075 illa
940 2016 1096 2076 locutione
1118 2018 1370 2079 haesitemus.-

197 2118 269 2177 Duo
290 2098 417 2197 insuper
438 2122 558 2178 exstant
579 2117 641 2177 loci
662 2116 752 2177 Num.
778 2113 826 2194 16,
849 2114 998 2180 30-33.
1022 2118 1111 2179 Dent.
1133 2114 1195 2195 32,
1215 2117 1283 2197 22„
1305 2121 1369 2200 qui-

200 2218 262 2280 bus
283 2238 340 2279 uox
361 2204 444 2299 5pr
467 2223 640 2300 sepulcrum
663 2221 785 2280 omnino
808 2220 981 2301 significare
1003 2241 1063 2281 non
1086 2227 1200 2301 potest.
1401 2304 1408 2316 .

287 2322 321 2382 ln
347 2323 570 2401 posterioribus
598 2342 671 2384 vero
699 2321 770 2384 vet.
801 2323 993 2383 Testamenti
1020 2324 1108 2384 libris
1143 2323 1225 2403 (Jes.
1254 2324 1289 2385 0.
1319 2319 1369 2384 14.

198 2424 318 2486 Erech.
342 2424 377 2485 0.
392 2421 444 2487 31.
466 2422 518 2486 32.
540 2424 608 2486 Job.
633 2424 667 2485 0.
683 2422 712 2487 3.
735 2430 768 2486 et
790 2421 845 2505 al.)
866 2425 990 2501 Orcum,
1013 2445 1072 2506 quo
1095 2433 1282 2487 mortuorum
1304 2447 1369 2487 um·

199 2528 277 2587 brae
299 2533 531 2608 congregantur,
554 2548 571 2587 a
592 2529 735 2607 sepulcro
758 2528 902 2603 discerni,
925 2529 968 2588 ita
991 2535 1039 2590 est
1059 2529 1092 2588 in
1113 2534 1245 2608 promtu,
1267 2529 1370 2589 utrix

202 2634 295 2710 egeat
325 2630 531 2710 disputatione
556 2628 612 2710 61).
662 2630 894 2692 Permiscentur
921 2631 1044 2710 quidem
1071 2649 1300 2710 nonnunquam,
1334 2637 1370 2693 ut

199 2733 292 2813 paulo
313 2738 384 2794 ante
406 2733 479 2809 dixi,
500 2733 532 2793 in
555 2733 762 2813 descriptione
785 2733 967 2795 conditionis
982 2739 1180 2809 mortuorum,
1204 2754 1281 2812 quae
1296 2734 1371 2796 Orci

201 2841 235 2895 et
257 2856 336 2915 quae
359 2835 494 2914 sepulcri
515 2836 639 2915 propria
660 2842 746 2911 sunt3
769 2835 825 2897 scd
848 2857 884 2898 ea
905 2836 1094 2916 ambiguitas,
1117 2837 1145 2897 si
1158 2837 1218 2896 ulla
1233 2842 1290 2912 est,
1312 2838 1370 2898 tol·

199 2937 275 2997 litur
302 2937 430 2997 oliorum
456 2938 593 2998 locorum
619 2938 849 3017 perspicuitate.
892 2922 1075 3018 Exemplum
1102 2939 1278 3018 suppeditat
1304 2939 1367 3000 Jes.

202 3034 255 3113 14,
278 3036 339 3114 11.,
360 3040 414 3100 ubi
435 3041 587 3120 propheta
609 3041 648 3100 de
670 3041 805 3102 Scheole
827 3042 871 3101 ita
892 3041 1036 3119 loquitur,
1057 3046 1101 3117 ut,
1123 3041 1174 3120 qui
1197 3041 1291 3102 solius
1312 3042 1368 3103 hu·

194 3141 249 3222 jus
269 3143 413 3203 versiculi
434 3144 585 3205 rationem
606 3143 760 3218 babuerit,
783 3143 877 3204 facile
899 3143 959 3204 sibi
979 3142 1169 3223 persuadere
1190 3144 1303 3223 possit,
1325 3144 1387 3204 nil*

198 3244 260 3304 nisi
282 3245 420 3324 corporis
440 3245 474 3305 in
495 3247 636 3325 sepulcro
658 3246 710 3306 siti
732 3246 939 3307 conditionem
960 3246 1005 3306 ibi
1027 3245 1172 3306 describi.
1211 3245 1275 3308 Sed
1296 3265 1367 3306 con·

199 3346 328 3405 trarium
350 3346 452 3407 disces
474 3366 512 3406 cx
532 3347 582 3422 iis,
604 3366 681 3426 quae
703 3349 842 3426 proxime
864 3353 1042 3427 sequuntur.
1087 3348 1177 3408 Canit
1199 3349 1282 3409 enim
1296 3366 1371 3427 pro-1

200 3448 297 3527 pheta
318 3448 358 3530 (v.
381 3445 422 3510 18
444 3449 542 3528 squ),
564 3449 646 3527 regis
669 3449 846 3529 Babylonici
867 3469 977 3529 corpus
999 3451 1121 3511 omnino
1143 3469 1204 3512 non
1226 3450 1367 3530 sepulcro

198 3551 366 3626 conditum,
389 3551 445 3611 sed
466 3551 656 3611 inhumatum
677 3551 760 3612 inter
781 3552 952 3612 occisorum
967 3553 1113 3613 cadauera
1127 3553 1298 3634 projectum
1312 3552 1368 3612 iri:

196 3654 279 3715 unde
301 3653 499 3734 perspicuum
520 3653 572 3730 fit,
594 3654 642 3728 iis,
666 3673 743 3732 quae
765 3658 837 3713 ante
858 3654 942 3714 dicta
963 3660 1043 3730 sunt,
1064 3655 1165 3716 locum
1187 3674 1204 3714 a
1226 3655 1367 3734 sepulcro

198 3755 368 3832 diversum,
395 3756 427 3816 in
449 3776 540 3836 quem
562 3758 662 3816 anima
682 3757 765 3836 regis
792 3757 957 3837 migratura
979 3758 1035 3833 sit,
1063 3757 1238 3838 significari.
1281 3757 1366 3818 Alios

197 3857 326 3936 insuper
345 3858 448 3931 locos,
476 3859 645 3937 exquibus
672 3858 755 3919 idem
777 3860 898 3920 ostendi
920 3865 1040 3939 potest,
1068 3879 1234 3921 recensere
1260 3877 1366 3938 super-

196 3977 365 4020 vacaneum
385 3960 513 4020 videtur.

283 4058 318 4141 2)
340 4060 504 4122 Difficilius
526 4068 627 4124 autem
651 4064 720 4139 erit,
744 4062 913 4124 decernere
936 4063 1055 4124 dehac
1077 4064 1272 4142 quaestione,
1294 4082 1366 4124 num

198 4159 300 4225 vetus
319 4164 567 4242 Testamentum,
595 4165 851 4246 quemadmodum
873 4165 987 4228 Orcum
1015 4165 1180 4225 animarum
1210 4165 1317 4226 sedem
1348 4186 1366 4225 a

197 4264 343 4346 sepulcro
371 4269 519 4343 secernit,
551 4270 595 4328 ita
623 4270 746 4329 omnino
773 4275 882 4350 neget,
915 4269 1051 4329 animis
1084 4273 1176 4349 post
1203 4274 1363 4329 mortem

283 4504 339 4579 56)
361 4507 403 4566 cf.
425 4527 451 4566 e.
473 4529 502 4584 g.
525 4511 936 4585 Boumgorton-Grusius,
960 4513 1023 4570 bibl.
1046 4512 1139 4569 Theoi.
1163 4531 1191 4584 p.
1207 4505 1278 4568 329.
1303 4519 1360 4568 not.

282 4623 335 4704 57)
357 4628 399 4688 Gi.
421 4630 513 4688 llabn
533 4630 556 4707 Ι.Ι
576 4648 600 4688 c.
623 4649 650 4704 p.
672 4627 723 4689 27.
