3150 5300
470 1623 1006 1788 runnunnlo

151 2198 411 2311 Excusatum
439 2255 551 2331 egere
578 2229 731 2325 videtur,
759 2228 855 2333 quod
881 2229 953 2307 hoc
980 2229 1070 2307 libro
1091 2254 1171 2307 eam
1188 2236 1342 2307 tracta*

152 2372 264 2446 verim
290 2370 559 2471 quaestionem,
596 2365 643 2444 de
670 2395 741 2468 qua
767 2396 870 2470 quum
897 2369 993 2443 multi
1026 2369 1120 2445 inter
1145 2367 1326 2444 recentiu-

154 2534 214 2583 res
242 2507 500 2600 disseruerunt,
529 2519 600 2581 tum
627 2522 739 2607 nuper
765 2504 905 2583 demum
930 2507 985 2581 vir
1012 2503 1244 2582 doctissimus
1261 2504 1327 2578 mi-

154 2646 261 2745 hique
295 2644 553 2738 amioissimus,
595 2644 828 2722 Heuricus
860 2645 1100 2746 Augustus
1133 2643 1262 2719 Hahn
1293 2641 1328 2717 iu

154 2782 412 2860 dissertatione
439 2789 488 2858 de
514 2811 583 2880 ope
610 2773 902 2858 immortulitatis
925 2788 992 2858 sub
1012 2789 1089 2858 Vel.
1112 2789 1205 2858 Test.
1234 2809 1328 2880 gru-

156 2929 273 2996 dotim
302 2931 454 3023 exculta
482 2921 653 3017 (vratisl.
680 2923 796 3020 1845)
825 2921 976 3021 copiose
1003 2929 1041 2997 et
1066 2931 1174 2997 acute
1200 2917 1328 3020 dispu-

160 3057 257 3131 tavit.
294 3057 377 3132 Hoc
395 3083 497 3130 unum
517 3059 647 3133 afferre
665 3082 826 3158 possum,
853 3058 977 3133 librum
995 3081 1119 3150 meum,
1137 3064 1329 3158 antequam

156 3193 267 3271 docta
285 3195 348 3271 illa
367 3195 616 3271 commentatio
635 3167 807 3295 prodiret,
833 3220 953 3297 paene
981 3195 1097 3271 finisse
1115 3194 1329 3276 absolutum,

157 3357 303 3430 meque,
339 3334 499 3431 quamvis
526 3334 591 3426 iis,
620 3334 678 3431 qui
705 3344 794 3437 ante
818 3357 874 3410 me
902 3329 1054 3409 earrdem
1082 3333 1327 3433 quaestionem

109 3458 115 3467 ’
159 3477 415 3560 tractaverunt,
444 3466 492 3543 de
519 3469 638 3544 multis
665 3471 860 3564 assentiar,
887 3479 1004 3547 tamen
1031 3495 1127 3545 nova
1153 3468 1329 3571 quaedam

157 3606 365 3707 protulisse,
393 3607 439 3680 ab
466 3607 612 3681 aliorum
640 3609 842 3700 sententiis,
873 3632 963 3708 quas
991 3608 1157 3707 cognovi,
1185 3606 1330 3684 disere·
1432 3665 1438 3679 .

109 3736 113 3744 ’
157 3745 290 3843 pantia.
346 3736 450 3834 Quae
476 3771 556 3819 num
582 3770 672 3822 vera
702 3746 763 3822 vel
791 3757 891 3822 certe
917 3745 1118 3847 probabilia
1150 3747 1239 3838 sint,
1273 3744 1330 3819 vi-

159 3879 272 3957 deant
298 3882 460 3981 theologi
487 3893 524 3958 et
551 3883 639 3959 Vet.
659 3884 888 3960 Testamenti
916 3894 953 3959 et
978 3884 1186 3983 religionum
1213 3884 1329 3957 bisto-

159 4018 236 4093 riae
263 4020 376 4117 gnari.
431 4021 496 4095 Me
523 4044 591 4094 non
620 4019 726 4118 fugit,
761 4022 962 4097 etiamnunc
988 4021 1092 4121 plura
1117 4045 1328 4121 superesse,

161 4177 254 4251 quae
287 4183 381 4230 nova
414 4170 450 4233 et
485 4151 700 4233 accuratiori
734 4157 976 4259 disputatione
1006 4156 1203 4256 indigeant.
1256 4159 1328 4233 lm·
1448 4237 1452 4240 ,

159 4290 281 4392 primis
307 4292 458 4370 moleste
485 4295 583 4387 sero,
618 4291 714 4394 quod
746 4294 796 4370 ad
823 4281 1191 4396 eamquaestionem,
1226 4320 1328 4395 quam
1368 4305 1385 4327 ⁴

158 4427 208 4502 ll.
236 4428 284 4501 E.
323 4431 495 4520 tractavi,
531 4433 667 4525 omnia,
700 4459 793 4534 quae
820 4431 1048 4526 desideravi,
1084 4432 1220 4508 auxilia
1246 4432 1328 4548 mihi

161 4590 228 4639 non
256 4567 509 4668 suppetebant.
