3150 5300
858 549 884 624 6

288 753 326 816 ab
349 753 397 830 lls,
419 755 471 834 qui
486 752 608 816 Mosam
629 752 679 815 vel
700 758 808 833 suopte
829 752 1032 833 intelligentis
1053 751 1222 813 animorum
1241 747 1456 810 mmo-lite

287 862 353 918 tem
375 856 568 937 cognovisse,
595 855 645 918 vel
666 874 705 916 ex
724 856 947 936 Aegyptiorum
968 854 1123 935 mysteriis
1144 871 1213 914 eam
1234 850 1395 914 didicisse
1414 869 1456 913 se

288 959 458 1039 spicantur,
486 956 693 1039 distinguendi
719 964 791 1019 sunt
818 959 884 1034 alii,
917 958 969 1038 qul
996 957 1207 1019 sublimiorem
1234 951 1398 1034 quendem
1422 951 1457 1015 de

287 1060 381 1123 rebus
401 1065 474 1139 post
494 1067 625 1123 mortem
645 1061 757 1123 futuris
779 1062 964 1123 sententium
986 1060 1130 1122 traditam
1151 1056 1250 1119 inisse
1281 1055 1456 1118 existiment

288 1160 321 1222 in
342 1159 501 1240 disciplina
522 1163 639 1238 urani,
667 1182 756 1241 quam
778 1162 851 1224 inde
873 1182 890 1222 ι
911 1162 1095 1242 patriurchis
1116 1179 1174 1240 per
1195 1157 1330 1221 Veteris
1353 1157 1454 1221 Tuto·

289 1262 386 1323 menti
411 1269 530 1326 aetates
555 1271 753 1344 propagatam
780 1262 898 1323 fuciunt
919 1260 971 1340 ¹¹⁵).
1019 1263 1067 1323 Eu
1094 1261 1246 1323 contrario
1276 1263 1454 1326 nonnuliis

288 1370 427 1426 veterum
448 1366 662 1446 theologorum
683 1366 838 1428 sententia
859 1385 897 1427 eo
918 1366 1155 1440 declinaverunt,
1177 1369 1212 1424 ut
1232 1364 1338 1426 etiam
1354 1364 1450 1428 undu

289 1467 456 1528 animorum
477 1468 738 1530 immortalitatem
759 1490 778 1530 a
798 1469 955 1531 veteribus
975 1467 1122 1528 israelitis
1144 1466 1301 1528 creditam
1317 1485 1386 1530 essa
1399 1483 1444 1526 rc·

288 1575 406 1649 garent,
429 1576 463 1632 et
483 1591 561 1650 quac
582 1572 614 1632 in
636 1570 708 1633 Vet
731 1570 932 1632 Testamento
954 1570 1044 1631 oliam
1065 1569 1243 1629 viderentur
1271 1567 1440 1632 sentem

288 1671 432 1751 prodere,
455 1693 493 1733 ex
513 1672 685 1753 peregrinis
707 1673 907 1753 religionibus
929 1672 1089 1752 depromta
1111 1688 1182 1732 esse
1203 1669 1418 1749 opinarentur.

373 1774 526 1853 Equidem
546 1776 695 1850 arbitror,
723 1776 934 1854 quaestionem
962 1781 1099 1835 nostram
1126 1772 1270 1834 amuitis
1301 1793 1370 1836 non
1389 1771 1452 1838 affl

287 1874 386 1936 libero
402 1876 521 1957 judicio
543 1895 614 1939 esse
634 1883 805 1939 tractatam.
848 1877 872 1937 li
894 1882 995 1951 certe,
1024 1876 1077 1955 qni
1097 1893 1154 1954 pro
1176 1873 1279 1935 divina
1302 1874 1381 1940 Vct.
1401 1875 1453 1939 'l'c-

288 1979 433 2038 stamenti
461 1980 644 2041 auctoritate
672 1985 822 2060 pugnant,
856 1998 918 2040 non
943 1996 1013 2039 raro
1040 1978 1073 2038 iu
1099 1996 1137 2038 eo
1165 1966 1271 2039 errare
1307 1978 1454 2053 videntur,

288 2080 385 2160 quod,
413 2100 506 2159 quum
534 2082 707 2142 rectissime
735 2087 877 2156 teneant,
906 2079 1004 2142 Vetus
1027 2086 1059 2141 et
1080 2078 1199 2140 Novum
1220 2077 1456 2144 Testamentum

287 2182 491 2243 indissolubili
518 2184 637 2244 vinculo
666 2185 828 2264 conjuncta
855 2201 942 2259 esse,
969 2181 1018 2258 id,
1047 2202 1106 2261 quo
1128 2182 1209 2241 inter
1234 2200 1271 2242 se
1293 2181 1456 2259 dissident,

287 2302 349 2344 non
369 2284 413 2344 ito
434 2303 602 2365 agnoscere
622 2286 728 2351 velint.
773 2286 923 2369 Quocirca
945 2285 971 2344 si
993 2284 1076 2364 quis,
1105 2303 1182 2361 quae
1203 2283 1371 2365 Evangelii
1392 2287 1457 2350 luco

287 2386 442 2465 patefacta
463 2392 496 2448 et
517 2387 666 2448 illustrata
687 2393 767 2463 suut,
784 2387 851 2469 jam
873 2385 1030 2448 aVeteris
1045 2384 1238 2447 Testamenti
1253 2387 1457 2468 scriptoribus

287 2489 445 2568 explorate
466 2496 614 2569 percepta
636 2497 669 2551 et
691 2490 812 2572 cognita
833 2490 930 2552 luisse
952 2492 1119 2569 negaverit,
1140 2489 1185 2549 illi
1206 2489 1303 2550 sceris
1326 2493 1457 2573 scripto

285 2590 372 2653 ribus
400 2597 433 2655 et
458 2592 518 2673 ipsi
547 2591 656 2655 Veteri
684 2593 885 2656 Testamento
914 2592 1103 2655 auctoritatis
1132 2591 1248 2671 aliquid
1274 2591 1457 2677 derogatum

286 2699 403 2775 putant.

372 2796 437 2860 Sed
457 2802 492 2859 ut
513 2816 564 2858 res
585 2798 736 2860 humanae
757 2799 904 2879 paulatim
926 2797 1105 2859 adolescunt
1133 2802 1166 2858 et
1187 2797 1226 2858 ab
1248 2797 1368 2878 exiguis
1395 2801 1456 2881 pri·

286 2899 412 2960 mordiis
433 2919 492 2979 per
511 2900 624 2981 gradm
646 2899 685 2960 ad
706 2901 931 2980 perlectionem
959 2901 1089 2962 evadere
1118 2901 1234 2962 solent:
1260 2900 1305 2960 lta
1324 2920 1457 2982 regnum

285 3000 435 3077 divinum,
457 3001 511 3062 ubi
531 3001 564 3062 in
585 3020 637 3062 res
657 3001 804 3062 humanas
826 3002 959 3077 introiit,
981 3002 1090 3064 cedern
1111 3021 1146 3063 se
1168 3003 1238 3082 lege
1257 3002 1401 3064 astrinxit
1423 3008 1457 3066 et

284 3103 434 3184 gradatim
460 3104 602 3165 homines
629 3105 668 3164 ad
688 3105 861 3185 perfectam
883 3111 974 3184 utque
1002 3105 1142 3165 omnibus
1170 3104 1303 3167 numeris
1329 3104 1455 3165 absolu·

284 3213 347 3268 tam
367 3226 471 3268 rerum
499 3206 667 3268 divinarum
694 3207 901 3287 cognitionem
928 3191 1038 3267 evexit.
1083 3209 1183 3285 Quare
1207 3204 1370 3281 diligenter
1396 3221 1450 3262 σε·

283 3309 416 3370 rendum
437 3315 495 3384 est,
517 3329 557 3369 ne
580 3309 699 3369 sublato
720 3309 868 3389 graduum
889 3309 1076 3385 discrimine,
1099 3328 1174 3389 quse
1192 3305 1225 3367 iu
1244 3299 1363 3363 Novum
1380 3300 1447 3364 Τε-

285 3418 470 3473 stamentum
493 3411 620 3489 cadunt,
644 3412 711 3493 jam
733 3411 842 3473 Veteri
863 3413 1048 3487 tribuamus,
1075 3431 1153 3474 nere
1174 3404 1391 3471 ffiviuationem
1418 3411 1454 3467 et

284 3602 338 3660 tius
359 3603 566 3677 lleogstcobcrg
593 3605 627 3660 de
649 3603 850 3661 immortalitatis
873 3603 1000 3675 scientio,
1031 3620 1097 3677 quoe
1123 3596 1454 3657 subversionem

284 3686 338 3762 piis
360 3687 458 3745 tributu
479 3687 568 3759 luerit,
589 3706 674 3761 nuper
694 3689 722 3745 in
743 3689 889 3745 Commerui.
913 3690 946 3745 ad
966 3691 1009 3745 Ps.
1033 3684 1074 3746 90
1088 3693 1117 3744 ct
1129 3684 1162 3740 al.
1181 3678 1338 3754 judicavit.)
1369 3683 1455 3742 Alio·

283 3790 340 3828 rum
362 3773 462 3829 similes
483 3773 630 3830 sententias
652 3774 786 3830 recensuit
807 3775 838 3830 H.
855 3776 888 3831 A.
906 3775 999 3831 liabn
1020 3775 1047 3831 in
1069 3773 1174 3831 dissert.
1196 3763 1236 3824 de
1256 3780 1311 3842 spe
1331 3763 1454 3824 immor-

284 3852 407 3914 tulitatis
428 3853 481 3914 sub
509 3853 571 3915 Vei.
597 3852 671 3914 Part.
691 3855 845 3935 gradatim
867 3854 996 3916 exculto.
1038 3858 1180 3916 Vratislav.
1204 3848 1297 3910 1845.
1319 3869 1348 3926 p.
1372 3849 1427 3911 20.

372 3974 423 4051 15)
444 3978 484 4033 De
505 3976 550 4033 illa
571 3977 660 4034 erconi
681 3978 820 4051 disciplina
843 3979 878 4035 ci.
901 3979 926 4036 J.
942 3979 971 4034 F.
987 3995 1014 4034 v.
1029 3979 1159 4048 blcyer,
1183 3972 1285 4031 christi.
1300 3970 1455 4029 Gloubens·

284 4062 358 4118 lebre
379 4081 406 4134 p.
422 4056 464 4118 37
486 4062 561 4119 etal.
583 4092 626 4103 -
647 4063 743 4119 Stier
762 4063 791 4120 in
811 4064 854 4119 Ps.
871 4059 921 4121 90.
945 4064 1058 4133 (Corum.
1078 4064 1108 4118 Τ.
1124 4063 1157 4119 ll.
1172 4079 1200 4134 p.
1216 4053 1269 4130 27)
1291 4055 1342 4111 sil:
1365 4050 1455 4123 „Der

287 4139 403 4204 Gloabe
424 4162 464 4203 oo
485 4144 556 4213 cine
563 4144 733 4204 Foriduucr
754 4144 809 4204 der
823 4144 908 4205 Seele
928 4143 1009 4205 nacla
1030 4144 1098 4204 dam
1115 4142 1198 4204 roas
1218 4157 1283 4199 soor
1303 4133 1454 4217 dlqemcc‘·

282 4246 337 4288 ner
364 4225 561 4307 Vollcrylooba
582 4228 630 4289 bei
650 4229 718 4290 dem
739 4228 820 4291 bebo.
851 4229 944 4291 Veliae
964 4241 1017 4291 etc.
1061 4227 1161 4288 Abeo·
1181 4225 1246 4287 die
1264 4225 1455 4303 frommeo

282 4311 465 4373 Erzoiiter
490 4312 674 4385 andelle,
703 4315 766 4375 dia
791 4334 863 4376 oon
889 4314 1002 4375 ilonea
1029 4314 1090 4375 die
1118 4310 1263 4391 beiliga
1288 4305 1455 4368 Gebeim·

283 4397 388 4459 lehre
408 4400 486 4476 (nur
507 4398 577 4458 deo
597 4397 813 4479 Uosiibipan
825 4399 979 4479 yeoeim,
990 4399 1121 4481 jedem
1135 4393 1362 4459 sociandae
1386 4392 1453 4454 uls·

284 4482 374 4545 bold
392 4482 475 4545 siclt
497 4485 671 4562 bffnand)
694 4485 835 4556 erbten,
857 4489 1020 4544 warsten
1040 4481 1136 4545 noclt
1158 4477 1265 4544 molor,
1288 4478 1356 4537 uod
1374 4477 1453 4540 arceb

280 4571 335 4646 fu'r
355 4569 437 4630 diere
457 4568 542 4628 redet
560 4567 625 4627 bier
638 4568 746 4644 Mores,
767 4572 824 4631 wie
845 4589 878 4628 er
895 4573 950 4648 fiir
970 4568 1022 4629 die
1036 4569 1145 4647 Mcnpa
1164 4563 1275 4623 sanem
1302 4561 1396 4626 Wort
1415 4565 1452 4625 ei-

282 4671 340 4712 nen
370 4653 511 4734 Vorboap
531 4653 587 4715 der
605 4653 856 4733 pewbbniicbrteo
882 4652 1039 4716 walrieo
1055 4651 1167 4735 qtow
