3150 5300
209 362 313 425 habile
341 381 412 426 esse
439 381 500 425 non
527 363 675 437 arbitror,
710 361 864 441 antiquam
891 359 1051 441 Magorum
1084 360 1125 421 de
1151 358 1383 421 resurrectione

211 465 396 527 sententiam
416 466 470 542 ita,
491 472 527 526 ut
548 464 620 528 Vct.
643 464 878 526 Testamentum
901 483 968 524 eam
989 462 1142 542 proponit,
1164 461 1262 522 fuisse
1282 459 1383 521 infor·

210 572 332 630 mrum.
352 547 400 616 -ss-
419 569 452 629 iu
475 570 589 641 ceteris
612 567 824 629 Zendaneatae
845 564 983 646 partibus
1005 570 1126 626 exstant
1147 564 1225 638 loci,
1247 563 1317 641 qui,
1340 562 1383 624 ai·

212 670 336 749 quidem
358 671 538 750 Anquetii
561 678 648 733 recte
671 691 725 733 eos
747 671 967 748 interpretatus
990 672 1053 741 est,
1076 667 1189 727 docere
1210 665 1381 738 videantur,

212 772 344 836 eadem
373 793 515 852 corpora,
545 794 622 853 quae
643 774 800 833 hominum
828 772 859 830 in
880 772 939 829 hac
961 771 1023 829 rita
1043 770 1189 843 fuissent,
1220 766 1382 845 aliquando

1467 383 1489 818 i

210 875 371 935 iunctam
400 878 492 936 vitam
514 883 689 939 revocatum
711 875 748 934 iri
772 871 839 950 ¹²⁹).
885 871 948 933 Sed
971 891 1008 931 ex
1030 872 1079 930 his
1108 871 1147 931 de
1169 871 1293 948 antiqua
1313 869 1380 930 Ma·
1467 887 1474 940 ξ

210 995 317 1057 gotum
340 978 477 1039 doctrina
499 978 575 1038 nihil
598 976 676 1035 certi
698 974 790 1033 statui
813 976 926 1052 potest.
970 972 1017 1031 Ida
1037 991 1120 1045 nero,
1144 992 1221 1050 quae
1243 974 1277 1032 iu
1297 972 1379 1038 libro

210 1079 466 1142 Bundehesch
495 1079 544 1156 (C.
567 1075 619 1138 31.
643 1076 775 1136 Zendav.
800 1075 850 1135 ed.
874 1074 1009 1134 Kieuker
1030 1074 1067 1135 Τ.
1090 1074 1139 1134 111.
1163 1096 1193 1154 p.
1219 1072 1277 1134 111
1296 1076 1379 1153 sqq.)

212 1188 246 1243 et
265 1183 298 1243 in
319 1188 451 1243 tractatu
473 1182 622 1242 Uiemai
644 1179 755 1238 islam
778 1178 918 1259 (Vulicrs
939 1178 960 1237 1.
984 1197 1011 1238 c.
1033 1196 1064 1256 p.
1086 1173 1126 1237 61
1144 1178 1205 1255 sq.)
1228 1177 1378 1257 explicato

211 1294 293 1360 aunt,
316 1304 333 1345 a
354 1285 524 1364 priscorum
546 1282 706 1361 Magorum
728 1281 890 1359 disciplina
910 1282 1001 1360 plane
1024 1281 1123 1340 aliena
1144 1279 1296 1340 videntur.

754 1653 831 1767 111.

297 1899 344 1960 De
366 1898 501 1976 ipsorum
524 1902 712 1955 mortuorum
735 1897 911 1956 conditione
932 1897 1112 1976 prophetae,
1134 1902 1168 1958 ut
1189 1897 1220 1957 in
1243 1897 1378 1978 superio·
1463 1939 1466 1946 -

211 2001 296 2063 ribus
319 2000 523 2078 exposuimus,
546 1999 615 2058 novi
637 1999 800 2078 quidquam
823 2018 883 2058 non
905 2000 1113 2078 protulerunt,
1138 2020 1197 2078 qno
1219 1999 1377 2061 Mosaismi

212 2102 366 2165 sententia
386 2121 495 2162 revera
517 2106 660 2179 superata
681 2108 775 2161 esset.
819 2102 888 2161 Jam
909 2121 982 2161 vero
1010 2101 1199 2177 videbimus,
1228 2099 1378 2181 quomodo

212 2205 441 2283 menapiorum
463 2203 684 2278 Israelitamm
712 2203 867 2265 derebus
890 2204 998 2263 divinis
1020 2203 1187 2279 meditans,
1214 2204 1283 2284 ipsu
1302 2204 1378 2266 ulte·

211 2306 275 2368 rius
296 2305 441 2385 progredi
462 2306 637 2381 tentaverit,
660 2312 761 2384 atque,
784 2311 819 2366 ut
834 2312 979 2368 aeternae
994 2306 1074 2366 ritae
1089 2325 1177 2386 spem
1192 2308 1379 2387 conciperet,

213 2408 322 2470 annixa
344 2408 394 2467 sit.

766 2576 824 2647 A.

298 2712 333 2773 in
355 2713 522 2775 Mosaismn
544 2716 640 2775 multa
660 2716 797 2791 inerant,
820 2736 912 2795 quae,
936 2737 1028 2796 quum
1050 2717 1170 2796 piorum
1192 2717 1299 2779 animis
1322 2736 1382 2781 non

212 2815 402 2876 mediocrem
424 2819 598 2896 scrupulum
620 2819 795 2900 injicerent,
817 2820 1014 2899 perfectioris
1032 2820 1180 2889 scientiae
1195 2819 1383 2883 desiderium

212 2916 303 2977 iniis
325 2936 386 2976 non
408 2925 537 2996 possent
564 2939 624 2980 non
647 2922 791 2982 excitare.
836 2923 922 3000 Quae
949 2922 988 2982 ad
1008 2927 1144 2983 nostram
1172 2923 1382 3001 quaestionem

212 3018 379 3098 pertinent,
401 3020 480 3080 haec
501 3020 570 3082 fere
592 3029 672 3083 sunt.

300 3115 332 3197 1)
367 3120 400 3179 ln
427 3123 525 3200 prima
553 3125 644 3204 hujus
673 3124 888 3204 disputationis
916 3131 1004 3205 parte
1032 3127 1205 3201 docuimus,
1238 3134 1383 3204 quantum

214 3221 371 3302 dignitatis
393 3223 577 3287 Mosaismus
599 3227 716 3288 homini
737 3228 891 3288 tribuerit.
922 3228 985 3288 Sed
1007 3228 1145 3308 ejusdem
1165 3229 1309 3305 hominis,
1332 3231 1383 3310 qui

213 3322 252 3383 ad
273 3323 331 3383 Dei
353 3325 516 3405 imaginem
538 3334 668 3404 creatus,
692 3330 785 3409 quid?
807 3331 898 3409 paulo
919 3329 1049 3389 inferior
1068 3330 1135 3390 Deo
1156 3329 1257 3391 factus
1280 3336 1385 3393 estet

214 3445 341 3506 operum
369 3427 536 3491 divinorum
567 3433 706 3493 dominus
734 3432 918 3492 constitutus
946 3428 1017 3512 (Ps.
1040 3428 1076 3507 8,
1099 3430 1237 3511 5sqq.)‚
1272 3440 1385 3513 quanta

213 3564 448 3573 ——.———
459 3570 516 3576 —

299 3649 372 3726 129)
395 3656 455 3712 Vid.
478 3657 494 3713 J
501 3661 651 3715 aeschnc
672 3659 711 3715 Ha
733 3653 783 3714 52.
808 3658 932 3730 (Zendav.
956 3660 999 3715 cd.
1022 3659 1139 3715 Kicuker
1160 3660 1189 3716 T.
1205 3661 1227 3715 Ι.
1248 3677 1276 3732 p.
1295 3655 1382 3726 142.)

213 3733 320 3803 „Scico
342 3737 386 3795 cic
407 3742 499 3809 (Gaius)
523 3742 600 3798 mein
620 3741 719 3798 retum
740 3738 837 3813 Lokra,
860 3775 903 3787 -
915 3743 992 3822 jctzt
1010 3741 1042 3798 in
1055 3741 1163 3800 -dicacr
1189 3738 1280 3810 Welt,
1308 3742 1386 3802 und

214 3819 331 3889 donn,
365 3842 468 3881 oceno
497 3822 659 3886 Gcbeinc
685 3824 762 3885 und
791 3823 955 3885 Gclcnlre
981 3824 1062 3885 sich
1087 3844 1157 3884 ooo
1182 3845 1309 3885 ccccm
1330 3844 1383 3887 aaa·

213 3912 526 3987 sommenfaipcnf‘
547 3945 590 3954 -
611 3913 887 3971 Jcschts-Sades
908 3911 992 3970 xvii.
1014 3915 1056 3974 (T.
1079 3915 1112 3970 ΙΙ.
1135 3933 1162 3987 p.
1187 3909 1270 3982 123.)
1306 3909 1384 3985 „ch

211 3987 323 4069 plaude
343 4025 384 4038 —
407 4014 447 4052 on
468 3995 520 4055 dic
537 3993 871 4076 Todtenacferstcdunp,
893 3996 981 4056 dosa
1002 3996 1063 4055 dic
1083 3994 1221 4056 Leibcr
1240 3995 1384 4071 aoiedcr

212 4093 290 4134 aum
320 4075 349 4135 V
350 4078 532 4138 orschein
552 4078 715 4140 kamenec
736 4077 1287 4158 sollen.⁶‘-inid.xvl11.(p.124.)
1307 4078 1383 4149 „ch

209 4157 322 4237 plaude
343 4182 383 4221 ora
405 4164 456 4224 die
480 4163 819 4245 Todtenonscrstelrunp,
845 4163 997 4243 plaude,
1027 4165 1117 4226 does
1143 4164 1218 4227 ulle
1244 4163 1383 4227 Leiden-

195 4259 272 4300 neu
289 4244 402 4306 leben
423 4249 609 4311 werden.“
