3150 5300
630 489 760 578 ²57

142 715 211 775 rint
241 712 311 793 ¹¹¹).
358 713 482 774 Etenim
516 713 711 792 Assyriorum
744 712 924 792 religionem
957 731 1096 791 magnum
1129 715 1251 774 omniuo
1283 715 1315 772 in

143 818 342 880 Phoenicum
365 822 398 877 et
417 818 631 878 Hebraeorum
653 834 739 875 sacra
761 821 950 875 momentum
964 815 1119 891 habuisse,
1142 836 1179 876 ex
1195 836 1232 877 eo
1247 836 1316 896 per-

144 922 293 1001 spicuum
316 924 380 994 est,
404 919 500 998 qnod,
522 924 558 979 ut
578 918 730 979 Movere
753 918 786 998 (1.
811 937 837 977 c.
860 938 889 996 p.
912 914 954 978 65
969 917 1051 997 sqq.)
1072 919 1244 979 luculenter
1265 940 1316 980 ex-

144 1024 264 1105 posuit,
287 1024 422 1084 siderum
443 1024 553 1096 cuitus,
575 1022 607 1081 in
622 1041 681 1100 quo
696 1022 749 1081 illa
763 1021 950 1095 versabatur,
972 1021 1044 1081 inde
1060 1041 1077 1080 a
1092 1023 1195 1082 seculo
1211 1028 1316 1082 octavo

145 1146 175 1187 a.
199 1126 275 1186 cnr.
296 1126 380 1185 inter
400 1125 456 1185 bas
478 1129 588 1204 gentes
609 1123 653 1182 ita
673 1122 808 1196 involuit,
830 1128 864 1182 nt
886 1122 1045 1200 pristinam
1067 1143 1171 1183 earum
1192 1124 1316 1185 idolola-

145 1229 239 1289 triam
266 1227 357 1306 plane
384 1228 569 1287 immutaret.
612 1226 656 1285 nt
677 1245 856 1304 quamquam
884 1224 1019 1284 siderum
1044 1225 1099 1284 ille
1126 1227 1225 1286 cultus
1246 1227 1317 1287 fidis

150 1330 285 1391 deborae
313 1330 497 1403 cultoribus,
526 1330 712 1409 praesertim
739 1329 900 1408 prophetis
929 1348 989 1387 uon
1016 1329 1115 1388 minus
1142 1330 1253 1409 impius
1282 1351 1318 1391 ac

154 1431 345 1495 detestabilis
359 1432 528 1506 videbatur,
551 1452 641 1511 qnam
663 1431 815 1492 idolorum
837 1431 994 1491 ueneratio
1017 1430 1097 1509 (Job;
1114 1428 1165 1506 31,
1180 1428 1317 1494 ati-28.

148 1536 250 1615 Zcpb.
273 1532 304 1609 1,
325 1532 356 1593 5.
378 1533 442 1598 Jer.
464 1529 496 1609 8,
518 1530 549 1593 2.
571 1534 689 1594 Erech.
711 1530 742 1607 8,
767 1529 902 1592 15-17.
924 1529 1037 1612 nneg.
1061 1530 1111 1607 17,
1135 1531 1184 1593 16.
1207 1539 1240 1595 et
1255 1522 1335 1611 ab),⁸

147 1644 255 1699 tamen
276 1635 371 1696 -id
394 1636 475 1714 qnod
497 1636 633 1696 concedo
654 1670 698 1679 —
719 1636 878 1709 diuturno,
902 1635 982 1713 quod
1004 1636 1149 1695 Israelitis
1171 1656 1240 1696 cum
1261 1639 1318 1698 As·

147 1740 240 1819 syriis
263 1744 339 1813 eret,
362 1739 548 1798 commercio
571 1739 655 1798 effici
676 1738 786 1817 potuit,
809 1743 853 1811 ut,
876 1738 902 1797 si
924 1738 1034 1798 horum
1057 1737 1216 1816 disciplina
1232 1758 1319 1800 secra

147 1843 261 1923 dogma
272 1841 311 1901 de
326 1846 515 1902 mortuorum
536 1843 764 1902 resurrectione
780 1842 846 1921 jem
862 1846 952 1901 antea
966 1842 1190 1915 continebatur,
1214 1844 1316 1916 etiam,

148 1963 228 2025 qnae
255 1945 287 2004 in
309 1944 475 2004 lsradlitica
496 1944 646 2022 religione
668 1944 820 2018 latebant,
849 1944 915 2023 ejus
938 1944 1055 2003 semina
1083 1945 1169 2021 quasi
1190 1946 1317 2024 pullula-

146 2054 219 2111 rent
242 2047 335 2108 etad
357 2048 458 2107 lucem
481 2053 686 2124 emergerent.
716 2045 794 2104 Nam
817 2063 946 2105 necesse
969 2051 1037 2105 erat
1058 2047 1185 2106 excitari
1198 2048 1318 2125 piorum

147 2151 355 2212 lemelitarum
377 2149 511 2223 animos,
539 2153 573 2208 ut
595 2154 628 2207 et
649 2148 708 2225 ipsi
731 2147 770 2207 de
793 2154 981 2207 mortuorum
1007 2149 1234 2209 resurrectione
1255 2170 1318 2209 me-

149 2254 323 2315 ditarentur
343 2271 472 2330 eomque
493 2251 525 2310 in
547 2249 770 2310 ardentissimis
792 2250 870 2309 votis
892 2250 1045 2310 haberent
1067 2250 1121 2328 (cf.
1137 2253 1319 2328 praesertim

148 2357 218 2417 Job.
243 2352 293 2429 14,
317 2352 355 2413 11
372 2360 453 2432 sq.);
481 2353 526 2413 sic
547 2358 649 2413 antem
676 2372 763 2413 mens
785 2353 1040 2432 praeparabatur,
1071 2359 1104 2412 ut
1126 2353 1255 2414 divinam
1279 2354 1318 2414 de

148 2460 208 2519 bae
235 2477 271 2517 re
292 2457 516 2516 institutionem
543 2461 651 2534 posset
676 2455 828 2533 recipere.
871 2455 997 2514 Etenim
1025 2455 1092 2533 ipsa
1119 2456 1250 2516 bumana
1270 2458 1319 2517 vel

148 2559 344 2621 institutione
376 2560 425 2618 vel
452 2558 652 2618 meditatione
681 2577 742 2617 non
770 2557 870 2637 potnit
896 2557 978 2637 gigni
1005 2557 1056 2616 iiia
1082 2558 1170 2617 firma
1196 2552 1317 2634 fiducie,

149 2678 212 2744 quo
244 2664 415 2743 prophetae
442 2667 579 2722 mortuos
613 2681 651 2721 ex
676 2661 786 2722 inferis
823 2662 1002 2721 suscitatum
1034 2661 1071 2720 iri
1099 2642 1331 2740 pronunciante

149 2765 232 2847 quod
254 2786 292 2827 ex
313 2766 381 2845 ipso
402 2765 473 2824 Jobi
494 2765 573 2824 libro
596 2760 663 2843 (14,
687 2760 737 2822 12.
762 2759 811 2822 19.
835 2769 867 2823 et
890 2763 942 2842 al.)
966 2782 1153 2843 cognoscere
1175 2765 1258 2825 licet.
1277 2800 1318 2811 -

148 2869 215 2930 Sed
234 2869 310 2929 iilud
331 2869 447 2948 ipsum,
464 2868 530 2948 jam
553 2867 694 2945 antiquos
715 2866 859 2944 Assyrios
882 2885 986 2945 magos
1008 2873 1196 2926 mortuorum
1217 2887 1318 2927 resur·

146 2973 321 3034 rectionem
343 2971 503 3044 statuisse,
524 2970 785 3029 raldeincertnm
807 2969 884 3029 mibi
904 2969 1044 3051 videtur„
1080 2971 1145 3046 Qua
1168 2969 1206 3029 de
1228 2988 1263 3030 re
1285 2975 1320 3030 ut

141 3074 281 3158 Jndicari
301 3073 409 3152 possit,
432 3073 523 3132 ultius
545 3090 614 3132 eam
635 3071 736 3151 repeti
758 3089 889 3132 necesse
910 3076 969 3131 est.

234 3226 402 3304 Universae
431 3247 534 3287 rerum
561 3231 687 3286 naturae
714 3226 794 3285 hanc
816 3226 986 3306 injunctam
1010 3226 1161 3286 cernimus
1183 3225 1318 3286 necessi-

148 3334 258 3404 tatem,
278 3336 313 3390 nt
333 3331 379 3389 vis
401 3330 512 3404 vitalis,
536 3350 595 3409 que
615 3328 744 3389 mundus
767 3334 966 3402 sustentatur,
990 3348 1114 3408 semper
1136 3348 1202 3388 cum
1219 3335 1318 3389 morte

152 3431 242 3507 qnasi
262 3432 405 3506 luctetur,
428 3432 485 3492 sed
507 3433 748 3510 quotiescunque
770 3437 871 3492 morte
894 3449 1040 3509 oppressa
1061 3430 1190 3504 videtur,
1214 3430 1252 3491 de
1273 3431 1318 3490 in·

148 3539 240 3612 tegre
260 3534 368 3595 victrix
390 3537 539 3613 resurgat.
583 3534 669 3598 Raec
691 3534 741 3593 len
763 3533 907 3593 naturalis
929 3518 969 3592 in*
984 3533 1176 3593 ethnicorum
1196 3532 1318 3612 religio-

147 3635 239 3698 nibus
261 3638 352 3698 variis
375 3637 474 3697 modis
496 3637 539 3696 ite
562 3641 611 3697 est
632 3654 787 3716 expressa,
810 3641 844 3696 ut
858 3654 971 3696 numen
986 3635 1117 3694 divinum
1132 3634 1232 3713 ipsum
1247 3634 1318 3695 buic

146 3809 327 3818 ..-——.—.--..
336 3813 411 3818 .-....-.
423 3813 433 3818 -
441 3813 453 3818 --

239 3925 313 4001 lll)
334 3932 465 3990 Morere
487 3935 505 3990 1.
522 3951 547 3990 o.
569 3952 597 4007 p.
615 3928 665 3990 70.
688 3930 773 4000 „Scit
792 3930 847 3990 der
869 3934 965 3989 ersten
985 3927 1167 4007 Berzibrnnp
1188 3928 1243 3987 der
1258 3927 1317 3988 He·

150 4013 239 4072 brb'cr
260 4012 316 4070 mit
336 4011 395 4071 den
408 4012 554 4095 Assyrern
576 4014 703 4075 toncben
722 4049 766 4062 —
788 4035 891 4074 ausser
912 4015 980 4074 dem
995 4013 1087 4073 Liclrt
1106 4014 1171 4072 und
1187 4010 1317 4073 Gestiun-

151 4097 251 4157 dienst
271 4095 349 4156 necle
370 4118 404 4157 so
425 4100 550 4160 manche
566 4099 797 4160 oberosiatirobe
811 4099 1055 4179 Religioaoideen
1076 4098 1123 4158 bei
1144 4097 1232 4157 ilmen
1253 4102 1317 4180 anf,

150 4203 175 4241 z.
190 4180 229 4241 B.
244 4182 306 4242 dic
326 4190 432 4243 nater
453 4184 707 4266 asspriscbem
728 4185 805 4246 ond
820 4183 1107 4245 cbalddiscbem
1122 4181 1318 4262 Einflnsse

148 4265 234 4326 siclt
267 4269 566 4331 entwickelnden
602 4267 896 4348 Vorstellungen
927 4289 998 4328 oon
1031 4270 1098 4329 der
1126 4266 1317 4349 Auferste-

147 4351 248 4432 berry
274 4353 341 4414 der
373 4353 514 4414 Todten
543 4359 617 4432 (Jes.
641 4354 698 4429 26,
723 4354 772 4414 19.
796 4359 894 4414 Erech.
919 4353 975 4429 37,
1000 4354 1111 4430 1sqq.)
1134 4389 1176 4399 -
1198 4354 1262 4412 und
1283 4373 1316 4412 so

148 4437 289 4498 nznrrobes
309 4437 444 4513 Anderc,
471 4460 533 4498 war
560 4441 612 4501 die
633 4438 794 4500 bibliscbea
819 4438 983 4518 Theolopen
1011 4441 1065 4498 mit
1090 4439 1158 4499 dem
1183 4444 1318 4515 proretae

154 4522 302 4584 Unrecbtc
322 4543 381 4583 oon
401 4524 457 4584 der
484 4523 563 4585 Welt
582 4532 643 4585 eret
661 4545 720 4585 oon
741 4525 823 4584 einer
843 4518 1087 4604 Bebnantscboli
1106 4523 1161 4582 der
1182 4521 1318 4584 Hebron

148 4609 203 4668 mit
222 4608 282 4669 dm
305 4608 435 4669 Persem
455 4610 487 4668 in
508 4608 698 4692 Babylonica
718 4609 785 4674 aad
807 4609 1047 4693 Mesopotomieu
1064 4607 1264 4669 bobendon&
