3150 5300
769 526 820 602 23

287 734 398 794 Altera
418 751 456 794 ex
475 736 564 811 parte
585 730 780 811 reperiuntur
801 732 917 812 aliquot
934 730 998 794 ¹loci
1019 731 1051 793 in
1071 730 1143 795 Vet.
1164 732 1376 810 Testamenta,

202 835 256 912 qui
279 854 351 895 cnm
371 834 524 895 sententia
550 838 655 893 nostra
675 852 811 913 pugnare
836 834 1013 911 rideantur,
1042 835 1096 895 nbi
1118 836 1240 896 scilicet
1261 855 1300 896 ex
1320 836 1376 896 ho-

204 936 298 997 minis
319 937 484 1018 fragilitate
506 939 540 995 et
561 936 747 997 mortalitate
768 955 860 997 causa
881 938 1043 1015 repetitur,
1067 957 1123 998 cnr
1143 939 1226 999 Deus
1247 936 1376 998 homini-

205 1038 264 1098 bus
285 1057 413 1118 parcere
435 1038 549 1097 debeat
569 1038 612 1117 (e.
635 1056 663 1117 g.
685 1035 737 1097 Ps.
753 1033 806 1110 89,
829 1034 1040 1121 47-49)⁴⁶)‚
1063 1059 1230 1119 eorumque
1250 1043 1379 1118 peccata

202 1142 433 1221 praetermittat
455 1145 487 1200 et
508 1138 661 1200 condonet
682 1138 747 1221 (Ps.
771 1136 843 1214 103,
867 1136 909 1202 13
923 1159 969 1220 sq.
992 1145 1027 1201 et
1048 1142 1111 1220 al.).
1134 1142 1197 1203 Sed
1218 1162 1257 1203 ea
1278 1141 1379 1201 omnia

202 1262 244 1303 cx
264 1243 437 1322 praesentis
458 1242 608 1302 humanae
629 1242 816 1302 infirmitatis
839 1243 1029 1322 experientia
1051 1249 1121 1304 sunt
1143 1244 1234 1320 dicta,
1257 1263 1315 1304 nec
1337 1242 1377 1305 de

204 1346 305 1425 prima
326 1345 456 1405 hominis
478 1345 654 1405 conditione
676 1344 791 1423 aliquid
813 1350 960 1406 statuunt.
1002 1346 1067 1407 Res
1095 1359 1192 1426 aeque
1214 1346 1376 1420 sehabet,

205 1467 241 1508 ac
262 1448 289 1507 si
311 1448 379 1527 quis
401 1467 440 1509 ex
462 1447 539 1507 Gen.
550 1441 581 1522 8,
592 1443 645 1511 nl.
668 1448 815 1528 colligere
836 1448 922 1523 velit,
944 1449 1076 1509 hominis
1099 1449 1137 1509 ad
1157 1468 1284 1528 pravum
1304 1466 1375 1528 pro·

202 1550 372 1611 clivitatcm
394 1550 430 1609 ab
455 1549 544 1609 initio
567 1568 605 1609 ex
626 1550 815 1610 necessitate
837 1550 988 1611 humanae
1010 1556 1136 1612 naturae
1157 1551 1344 1629 prorupisse.

290 1651 371 1712 Mihi
396 1657 500 1712 autem
524 1652 585 1712 hoc
613 1652 744 1713 maxime
778 1652 980 1732 premendum
1006 1652 1128 1711 videtur
1154 1658 1375 1732 argumentum,

204 1752 287 1833 qnod
316 1759 422 1814 contra
449 1754 619 1813 universam
649 1751 720 1816 Vet.
749 1754 944 1816 Testamenti
968 1754 1104 1815 indolem
1131 1759 1282 1834 pugnaret
1308 1773 1376 1815 sen-

201 1856 317 1931 tentia,
343 1856 562 1918 mortalitatem
583 1856 716 1916 hominis
737 1877 777 1918 ex
798 1862 924 1918 naturae
945 1858 1132 1918 necessitate
1153 1876 1302 1917 manasse.
1345 1856 1378 1917 ln

203 1959 262 2018 hac
285 1959 367 2019 enim
389 1978 425 2019 re
447 1957 519 2021 Vct.
543 1958 777 2020 Testamentum
804 1959 926 2019 omnino
948 1959 1039 2039 longe
1060 1958 1194 2020 discedit
1216 1960 1253 2019 ab
1276 1959 1376 2020 ethni-

201 2079 308 2122 comm
330 2061 533 2140 opinionibus,
556 2060 711 2140 quadres
733 2080 858 2140 asperas
880 2081 899 2121 a
920 2062 1009 2140 culpa
1035 2061 1168 2121 hominis
1189 2080 1250 2120 non
1271 2066 1377 2141 potest

200 2181 379 2238 secernere,
402 2169 434 2223 et
448 2164 528 2224 hanc
550 2164 589 2223 ob
613 2183 736 2224 causam
757 2164 870 2237 omnia,
893 2163 1001 2241 quibus
1023 2164 1164 2223 homines
1187 2163 1375 2243 affliguntur,

202 2265 298 2339 mala,
327 2266 546 2344 qualiacunque
574 2272 661 2341 sunt,
689 2286 790 2344 neque
812 2265 929 2325 adfati
956 2266 1188 2340 necessitatem,
1216 2265 1377 2344 nequead

201 2367 345 2427 fortunae
367 2366 547 2444 ludibrium,
569 2366 626 2427 sed
648 2367 686 2426 ad
708 2368 766 2428 Dei
788 2368 896 2443 sancti,
918 2368 1076 2427 hominurn
1099 2366 1221 2427 delictis
1242 2363 1376 2428 irascen-

200 2470 242 2529 tis
265 2488 380 2529 numen
399 2470 570 2530 revocanda
592 2489 663 2529 esse
684 2469 786 2533 docet.
829 2468 896 2529 Jam
919 2488 991 2529 vero
1014 2470 1093 2530 siin
1114 2470 1170 2544 iis,
1200 2469 1308 2547 quibus
1326 2471 1376 2551 ju-

202 2571 291 2630 stitia
305 2571 405 2631 divina
419 2578 525 2633 sontes
545 2573 673 2653 puniens
690 2572 856 2633 manifesta
876 2573 922 2649 fit,
946 2570 1017 2634 Vet.
1034 2571 1266 2633 Testamentum
1288 2593 1376 2653 prae·

202 2673 294 2754 cipue
311 2674 391 2735 vitae
412 2675 451 2735 ad
470 2680 602 2736 mortem
623 2676 817 2755 properantis
839 2676 941 2757 fugam
957 2672 1109 2755 ducit47),
1132 2677 1283 2755 quomodo
1305 2676 1375 2736 fieri

195 2774 317 2856 potest,
340 2783 375 2851 nt
389 2797 471 2839 mors
493 2778 570 2858 ipsa,
593 2798 671 2858 quae
692 2798 749 2857 pro
771 2780 919 2840 malorum
934 2798 1052 2841 summo
1067 2779 1209 2854 habetur,
1232 2798 1270 2838 ex
1291 2798 1377 2839 mera

200 2884 331 2945 naturae
353 2880 541 2942 necessitate
562 2885 731 2959 repetatur.
752 2915 796 2926 —
821 2884 887 2959 Qua
908 2881 1004 2943 dere
1025 2882 1057 2942 in
1079 2882 1172 2941 tertia
1192 2881 1284 2962 hujus
1303 2881 1376 2942 libri

199 2987 291 3061 parte
313 2982 468 3060 copiosius
490 2982 721 3062 disputabimus.

288 3079 323 3163 2)
345 3083 458 3146 Utrum
471 3103 544 3145 vero
558 3091 718 3165 peccatum
734 3089 768 3145 et
782 3084 952 3144 mortalitas
974 3084 1108 3144 hominis
1130 3084 1375 3145 necessitate

200 3185 362 3265 quadam
390 3186 473 3248 inter
498 3206 533 3247 sc
556 3188 719 3268 conjuncta
741 3187 820 3263 sint,
838 3205 881 3247 an
903 3188 1123 3264 „tantammodo
1142 3187 1298 3266 peccati
1319 3207 1375 3247 oc·

199 3289 356 3348 cacione
387 3288 549 3369 quodam
582 3296 703 3350 naortem
728 3309 825 3370 penas
856 3287 1017 3349 humanam
1038 3290 1255 3349 ‘ratramno‘
1283 3291 1375 3370 (quae

200 3388 264 3449 fuit
290 3391 442 3452 sententia
466 3391 605 3452 Fausti
627 3392 776 3468 Socini;
805 3391 865 3453 vid.
890 3392 1008 3471 Disput.
1033 3393 1100 3473 ejus
1125 3391 1165 3451 de
1185 3397 1263 3452 stata
1281 3393 1376 3471 primi

200 3488 333 3550 dominis
353 3498 421 3552 ante
440 3490 557 3572 lapsam
565 3494 600 3554 0.
612 3494 688 3570 Vlll,
711 3514 781 3575 opp.
805 3494 854 3555 ed.
876 3488 1106 3574 lrenop.1656.
1130 3493 1167 3553 T.
1183 3493 1219 3552 ll.
1241 3512 1271 3572 p.
1287 3489 1375 3573 262),

198 3592 305 3653 -de
332 3593 392 3654 hac
418 3614 453 3654 re
476 3614 515 3654 ex
543 3594 622 3655 Gen.
645 3596 738 3657 c.11.
762 3601 795 3656 et
815 3595 866 3656 Ill.
889 3595 1015 3656 decerni
1041 3594 1157 3672 nequit.
1201 3593 1265 3656 Sed
1290 3595 1375 3656 illam

197 3696 338 3775 priorem
360 3697 547 3758 sententiam
567 3679 670 3759 veram
693 3718 774 3774 esse,
797 3718 836 3758 ex
857 3697 935 3758 Gen.
950 3692 982 3773 6,
1004 3692 1034 3758 3.
1056 3697 1246 3776 intelligitur.
1280 3697 1374 3779 Cujus

288 3933 342 4013 46)
370 3934 567 4017 „anrcspue,
594 3936 725 3998 Domine
746 3937 911 4016 abscondes
932 3943 977 4009 aa·
998 3970 1041 3984 —
1063 3944 1213 4007 memento,
1240 3935 1317 4017 qaid
1335 3937 1376 3997 sit

199 4020 277 4093 vita,
302 4020 340 4078 in
363 4039 469 4100 qnam
489 4022 696 4082 vanitatem
718 4025 915 4083 creaveris
936 4042 1060 4084 omnes
1081 4021 1284 4092 domines,·“
1306 4043 1374 4097 quac

202 4107 309 4177 quidem
329 4109 513 4182 interpretatio
534 4111 708 4184 praeferenda
728 4112 835 4169 videtin
856 4113 896 4184 ei,
926 4129 1002 4185 quam
1024 4111 1190 4168 calvinus
1212 4117 1240 4168 et
1260 4110 1373 4184 Heng-

201 4191 371 4265 stenherg
392 4196 571 4266 protulcmnt:
594 4212 670 4266 „oar
689 4196 808 4272 frastra
829 4213 959 4253 mearam
981 4190 1144 4262 domines,“
1168 4213 1207 4252 so.
1231 4196 1255 4252 si
1276 4197 1303 4252 in
1324 4199 1374 4253 hac

199 4277 274 4333 vitae
296 4276 425 4334 brevitate
446 4280 534 4336 divina
556 4282 674 4338 bonitate
696 4299 749 4338 non
771 4281 930 4338 fruerentur.

286 4374 341 4448 47)
363 4380 405 4435 l’s.
428 4376 479 4454 90,
502 4377 521 4438 7
543 4400 584 4454 sq.
620 4376 824 4457 „Conficinmr
845 4380 894 4440 ira
920 4385 972 4440 tna
994 4385 1024 4440 et
1044 4385 1073 4438 te
1093 4384 1285 4440 succensente
1302 4397 1373 4457 per-

199 4458 277 4520 culsi
298 4480 414 4532 ramim
435 4481 504 4522 nam
521 4465 614 4542 ponis
633 4463 744 4524 delicta
765 4471 868 4524 nostra
890 4470 957 4524 ante
971 4471 1007 4539 te,
1030 4472 1058 4524 et
1079 4463 1197 4525 ocmalta
1217 4469 1320 4522 nostra
1341 4464 1373 4523 in

198 4543 272 4691 lappe]
282 4547 382 4668 {aciei
403 4552 482 4611 moe.
516 4547 633 4608 Etenim
654 4569 753 4610 omnes
774 4550 841 4610 dies
862 4549 956 4610 nostri
977 4549 1087 4611 abeant
1104 4569 1161 4630 per
1182 4549 1371 4610 iracundiam

271 4651 282 4690 ι
322 4642 375 4694 cic.
