3150 5300
833 518 883 593 52

362 729 427 805 Qua
449 728 567 787 ratione
595 726 782 787 resurrectio
811 732 999 788 mortuorum
1021 727 1090 803 liat,
1117 747 1156 789 ex
1176 728 1294 789 Erech.
1316 723 1371 803 37,
1395 724 1449 788 14.

276 831 378 911 colligi
405 835 519 910 potest.
565 830 642 890 Sunt
669 835 790 906 tamen,
819 850 896 908 quae
924 830 963 890 de
990 830 1048 890 hae
1069 849 1105 890 re
1127 830 1277 911 disputari
1304 836 1448 910 possunt,

270 935 335 1014 jam
359 950 450 1011 supra
471 932 507 1011 (Ι.
531 928 633 1015 (1.3.)
656 930 748 992 dieta.

362 1036 447 1111 Quae
471 1035 606 1094 conditio
628 1035 785 1095 hominum
808 1054 847 1093 ex
867 1034 977 1096 inferis
998 1035 1030 1094 in
1052 1036 1143 1095 ritum
1164 1039 1378 1093 revocatorum
1400 1031 1447 1092 fu·

274 1146 343 1198 tura
365 1138 414 1213 sit,
436 1138 543 1198 Daniel
564 1138 669 1217 paucis
692 1137 852 1217 signifieat.
889 1136 962 1210 Piis,
985 1138 1094 1214 quibus
1114 1138 1177 1197 rita
1198 1142 1324 1196 aeterna
1346 1134 1445 1196 obtin-

275 1241 328 1319 git,
351 1260 480 1320 eorpora
502 1240 540 1299 ad
562 1240 698 1300 siderum
720 1237 917 1317 splendorem
938 1237 1155 1298 transformata
1176 1240 1353 1298 tribuuntur
1374 1235 1445 1312 (12,

274 1340 305 1403 3.
328 1343 369 1403 ol'.
393 1343 505 1403 Matth.
530 1338 580 1415 13,
603 1336 669 1417 43).
712 1339 736 1400 li
759 1343 881 1411 eontra,
910 1337 961 1417 qui
982 1339 1065 1399 inter
1084 1342 1318 1419 persecutiones
1340 1361 1358 1400 a
1379 1341 1445 1401 Deo

276 1446 470 1520 deiecerunt,
492 1444 719 1504 suscitabuntur
738 1422 830 1520 obuy
854 1424 979 1544 pison&
1002 1425 1167 1521 fuimns.
1197 1444 1286 1521 Quod
1300 1445 1444 1504 illustrari

275 1552 380 1628 potest
402 1568 440 1609 ex
460 1547 524 1607 des.
546 1542 599 1620 66,
620 1541 688 1618 24„
711 1542 793 1603 unde
814 1542 923 1603 Daniel
945 1562 1052 1603 vorem
1074 1555 1192 1628 pum,
1223 1547 1297 1605 alias
1319 1548 1352 1607 in
1374 1547 1442 1608 Vet

276 1650 364 1711 'lest
387 1667 447 1709 non
470 1648 628 1719 usitatam,
657 1644 788 1704 traxisse
810 1643 939 1704 videtur.
984 1645 1132 1725 Loquitur
1153 1652 1186 1707 et
1211 1648 1263 1709 ille
1285 1649 1442 1730 Jesajanus

275 1752 360 1812 loeus
383 1750 422 1809 de
444 1748 547 1827 impiis
569 1746 731 1821 lsradlitim
759 1745 810 1824 qui
829 1766 851 1805 a
871 1746 937 1806 lieo
959 1745 1153 1808 desciverant
1180 1749 1236 1829 (ef.
1259 1770 1285 1809 v.
1311 1749 1352 1811 17
1375 1749 1441 1831 ¹⁰¹),

275 1872 375 1931 neque
397 1869 470 1910 vero
492 1849 532 1911 de
553 1849 607 1924 iis,
639 1848 691 1927 qui
712 1848 750 1908 ab
773 1847 882 1909 inferis
904 1847 1045 1909 suscitati
1067 1856 1138 1910 sunt
1160 1848 1231 1928 ¹⁰²),
1259 1853 1316 1914 sed
1338 1853 1378 1916 de
1399 1855 1441 1915 iu·

329 1992 338 1996 ..
352 1990 415 1996 --—
425 1988 579 1996 -———----

275 2081 379 2148 hostes,
402 2092 471 2150 quos
493 2076 565 2130 Deus
587 2074 621 2130 de
643 2072 773 2146 dignitate
795 2075 954 2147 deturbavit,
977 2075 1004 2131 iu
1027 2077 1084 2148 ejus
1106 2077 1218 2149 gratiam
1238 2087 1377 2152 postremo
1396 2098 1441 2138 re-

274 2169 380 2236 oeptum
401 2162 444 2218 iri
473 2159 602 2232 Equidem
623 2159 719 2230 malim,
744 2177 898 2233 quamquam
921 2161 1027 2233 invitus,
1051 2179 1109 2217 eum
1131 2162 1320 2223 Umbreitio
1344 2173 1372 2222 et
1386 2167 1442 2223 aliis

274 2249 359 2304 verbo
382 2253 460 2356 7¹72
483 2244 604 2315 eandem,
627 2261 705 2315 quam
726 2244 754 2300 in
775 2262 802 2301 v.
819 2242 857 2301 21
882 2247 982 2317 habuit,
1004 2246 1057 2302 vim
1079 2248 1205 2305 tribuere.
1236 2252 1299 2307 Tum
1313 2254 1442 2326 propheta

274 2350 356 2421 dicit,
378 2364 459 2420 reges
481 2348 542 2403 illos
564 2346 591 2402 in
613 2346 683 2404 Oreo
704 2346 825 2405 inclusos
846 2348 946 2418 teneri,
976 2364 1029 2405 nou
1057 2356 1086 2405 ut
1106 2366 1208 2422 poenas
1229 2351 1315 2424 luant,
1343 2356 1393 2412 sed
1415 2364 1443 2413 ut

274 2443 397 2507 tauquam
425 2433 452 2488 iu
474 2431 595 2488 custodia
623 2440 794 2489 asserventur
819 2450 903 2505 usque
931 2434 963 2489 ad
985 2434 1142 2507 supplicium
1170 2436 1204 2491 de
1227 2436 1260 2493 iis
1287 2441 1442 2497 sumendum

273 2521 329 2593 (ol.
353 2515 373 2574 ‘d
395 2519 464 2573 Petr.
487 2512 517 2587 2,
541 2513 570 2571 4.
592 2516 654 2572 dud.
677 2535 703 2572 v.
728 2514 785 2590 6.).
831 2519 933 2585 (Quale
955 2526 1041 2576 eutem
1063 2518 1127 2576 illud
1148 2521 1306 2595 supplicium
1327 2524 1442 2582 futurum

261 2606 317 2676 sit,
343 2622 378 2661 ex
399 2604 460 2677 ipso
481 2604 535 2658 hoo
556 2601 618 2659 loco
641 2602 738 2675 conjici
759 2620 813 2660 nou
835 2603 946 2677 potest).
970 2634 1011 2645 —
1033 2604 1133 2662 Similia
1154 2606 1223 2663 liber
1236 2607 1357 2667 lienoohi
1378 2612 1442 2686 plu-

272 2692 345 2748 ribus
366 2689 435 2746 loeis
455 2687 626 2761 pronunciat3
649 2688 684 2743 ol.
700 2688 844 2762 praecipue
867 2685 915 2761 10,
933 2686 972 2745 tu
988 2706 1029 2762 sq.
1053 2689 1100 2762 (ex
1113 2691 1250 2766 interpret.
1267 2695 1441 2772 Hoffmanui):

271 2770 364 2843 „Der
385 2769 466 2829 Hem
486 2767 597 2847 spract
618 2789 653 2827 zu
674 2767 828 2839 Michaels
845 2803 887 2814 —
916 2770 1005 2830 binde
1026 2773 1070 2831 rie
1098 2778 1260 2850 (Sumjazam
1283 2789 1310 2837 et
1331 2782 1442 2858 socios)

268 2861 323 2938 fiir
344 2854 488 2932 siedenzip
514 2851 723 2914 Gescttectter
748 2860 835 2914 untur
861 2855 913 2915 die
933 2854 1031 2930 Erote,
1060 2856 1104 2917 tis
1131 2863 1191 2937 aus
1213 2860 1271 2919 den
1297 2861 1361 2942 Pop
1388 2865 1444 2925 des

276 2940 413 3003 Geriohts
434 2938 500 2998 rond
520 2937 575 2997 der
604 2936 804 3017 Vellendrmp,
827 2939 877 3015 ‘tis
899 2939 956 2999 das
982 2938 1119 3012 Gerieht,
1147 2941 1271 3004 eoeleltes
1288 2950 1343 3025 fiir
1366 2950 1445 3029 ewip

271 3024 337 3107 pult,
359 3021 526 3084 oolldroedt
546 3024 592 3083 ist.
623 3022 717 3082 Dono
739 3022 831 3084 tollen
852 3026 897 3084 sie
917 3025 1179 3108 diuweppesolroffl
1197 3030 1316 3090 werden
1337 3034 1368 3090 in
1390 3034 1446 3094 die

271 3116 420 3170 untersteo
444 3107 548 3187 diesen
577 3109 631 3168 des
652 3108 778 3178 Feuers,
808 3110 912 3170 indie
937 3109 1053 3180 Quolen
1080 3114 1146 3173 und
1170 3114 1202 3172 in
1223 3113 1282 3173 den
1303 3114 1447 3178 Kerkem

272 3191 506 3274 einpesodlossen
527 3193 647 3253 werden
668 3193 835 3273 ewipliod.“

360 3311 432 3388 101)
454 3315 497 3371 Ad
521 3316 653 3387 ethnicos,
676 3317 721 3388 qui
736 3316 864 3373 adversus
878 3319 1003 3374 lsraelem
1023 3324 1201 3389 surrexerunt,
1223 3319 1303 3374 verba
1317 3318 1446 3390 Jesajana

276 3402 401 3460 transfert
421 3401 468 3456 lib.
491 3400 583 3457 Judith
607 3397 656 3472 16,
682 3396 731 3457 17.

359 3515 433 3590 loz)
459 3518 536 3584 Quod
558 3518 659 3592 opinati
680 3528 740 3576 sunt
762 3521 836 3578 multi
857 3521 928 3578 iuter
948 3531 1071 3594 veteres3
1101 3522 1136 3579 el.
1159 3540 1184 3578 e.
1207 3541 1235 3595 g.
1258 3523 1275 3578 J
1281 3522 1382 3579 ustiu.
1406 3527 1442 3583 Μ.

276 3607 347 3680 epol.
370 3606 390 3660 1.
414 3604 443 3659 C.
461 3597 522 3673 52,
545 3606 685 3660 Tertull.
709 3607 742 3662 de
757 3623 855 3663 resurr.
873 3625 943 3663 oum.
966 3607 996 3662 0.
1012 3601 1063 3663 31.
1088 3607 1144 3679 (qui
1165 3625 1219 3664 nou
1241 3608 1343 3664 dubitat
1360 3612 1443 3667 verba

276 3693 325 3756 „et
338 3683 462 3744 exibunt
475 3691 549 3743 eto.“
571 3690 605 3745 ud
626 3690 686 3762 pios
709 3708 725 3746 e
746 3692 870 3766 sepulcro
893 3707 1020 3765 egressos
1034 3691 1159 3765 rolens),
1182 3693 1363 3763 Angustia.
1388 3696 1441 3752 eir.

272 3777 305 3830 1).
329 3770 380 3844 20,
403 3769 442 3828 21
461 3791 501 3845 sq.
525 3805 565 3815 -
595 3776 791 3833 Alexandrinus
813 3778 955 3851 interpres,
977 3777 1046 3833 haud
1068 3777 1148 3832 dubie
1170 3783 1199 3831 ut
1219 3776 1273 3832 looi
1295 3778 1442 3837 difficulta-

272 3867 325 3928 tem
347 3859 521 3928 imminueret,
544 3860 624 3915 verba
648 3869 800 3935 numm]
825 3871 907 3932 tufi>
930 3861 1011 3917 vertit
1031 3857 1084 3930 „vd
1099 3863 1171 3916 uota
1186 3863 1239 3914 τῶν
1254 3860 1442 3933 ἅνθρώπων,“

274 3952 303 4000 et
323 3962 384 3999 eum
407 3951 515 3999 secutus
537 3945 754 4016 Augustinus
775 3947 794 4003 l.
818 3964 842 4002 e.
865 3948 946 4003 habet
967 3941 1119 4023 ,Membro
1139 3939 1325 4003 dominum.“
1368 3950 1442 4006 ldem

273 4029 360 4085 addit:
384 4025 530 4105 ‚putidam
544 4045 689 4086 euoenon
703 4028 973 4108 interpretationum
991 4026 1149 4086 membro
1169 4027 1269 4086 domi
1274 4047 1293 4086 n
1300 4048 1365 4104 um,
1387 4032 1444 4092 sed

273 4109 464 4168 cadevera
486 4111 667 4183 virorum,
686 4132 745 4191 per
766 4115 919 4176 cadavera
939 4113 1141 4194 aipnifieontes
1157 4112 1318 4171 evidentem
1333 4133 1442 4194 eorpo-

271 4213 337 4252 rum
355 4213 503 4273 poenum:
526 4198 662 4276 quamuis
684 4197 817 4258 cadaver
836 4199 897 4258 nisi
918 4217 991 4258 earo
1013 4197 1241 4264 exanimis-ooo
1261 4196 1356 4258 soleot
1368 4219 1443 4259 nten-

230 4322 233 4327 ,
274 4280 397 4358 ruperit
426 4277 569 4340 ittonam
591 4283 723 4342 animatu
749 4290 836 4343 erunt
863 4301 1006 4362 corporo,
1035 4279 1170 4361 alioquin
1196 4279 1279 4341 nulla
1299 4289 1446 4361 poterunt

273 4365 381 4423 sentire
402 4370 562 4425 tormento:
583 4368 642 4426 uiri
659 4371 749 4447 forte,
771 4369 845 4448 puio
865 4373 1044 4426 mortuorum
1067 4371 1155 4425 erum
1173 4385 1311 4445 corpora,
1333 4368 1441 4440 idest,

274 4468 375 4508 eorum
402 4450 455 4529 qui
482 4451 514 4508 in
534 4452 697 4512 seeundum
724 4458 845 4513 mortem
872 4451 994 4525 eadent,
1023 4451 1093 4510 ideo
1119 4470 1179 4511 non
1201 4450 1330 4511 adsurde
1351 4455 1442 4514 etiam

274 4534 426 4594 cadavere
440 4534 505 4595 diei
514 4544 671 4614 ρωεαηίέ6
691 4573 735 4584 -
756 4542 810 4598 Sed
832 4540 878 4596 vix
900 4546 951 4612 est,
973 4541 1045 4613 quod
1059 4557 1188 4611 moneam,
1210 4556 1305 4596 vocem
1328 4547 1441 4614 mm

259 4622 374 4678 norrnr'si
392 4640 508 4698 corpora
530 4626 726 4687 exanimata
749 4626 902 4704 significare
921 4643 1016 4702 posse,
1037 4643 1191 4700 quamquam
1206 4641 1259 4682 non
1273 4625 1345 4682 omni
1359 4643 1443 4682 sensu
