3150 5300
763 500 813 574 62

288 707 352 770 Sed
373 706 412 768 ad
432 706 624 787 propositum
644 710 791 766 revertar.
835 704 920 779 Dixi,
943 723 981 766 ex
1003 704 1206 785 Theopompo
1228 703 1376 784 cognosci

203 831 264 873 uon
285 830 393 892 posse,
417 812 567 889 qualem
589 815 778 870 mortuorum
800 808 1060 870 resurrectionem
1082 807 1167 887 Magi
1188 807 1376 868 informave-

202 916 274 975 rint.
317 914 384 975 Nee
413 914 576 991 quidquam
605 911 785 991 explicatius
814 909 854 971 de
883 910 942 971 hac
970 929 1006 971 re
1034 910 1205 990 reperimus
1233 910 1266 970 iu
1293 910 1378 969 libro

203 1002 419 1090 Vendidit,
452 1016 503 1093 qni
524 1016 707 1095 plerumque
729 1033 786 1093 pro
809 1013 1019 1091 antiquissime
1040 1019 1073 1074 et
1094 1012 1270 1093 gravissima
1292 1012 1377 1073 Zen-

204 1119 348 1180 davestae
376 1123 464 1196 parte
491 1117 624 1178 habetur
646 1114 716 1195 ¹⁶²³).
767 1116 827 1192 Qui
854 1134 932 1176 unus
959 1114 999 1175 da
1026 1115 1254 1176 resurrectione
1281 1133 1379 1193 agere

203 1222 338 1298 videtur,
366 1221 452 1281 locus
473 1221 565 1299 Farg.
588 1219 674 1295 xlx,
702 1217 854 1293 (Zendav.
885 1216 933 1278 ed.
957 1217 1093 1279 Kleulrer
1114 1217 1151 1278 T.
1172 1217 1214 1292 ll,
1237 1236 1267 1296 p.
1290 1212 1377 1292 378)

205 1324 328 1385 omnino
350 1323 426 1383 nihil
449 1322 559 1395 docet,
588 1320 647 1380 nisi
669 1337 799 1378 omnes
821 1338 936 1397 puros
963 1319 1105 1381 homines
1126 1320 1158 1380 in
1178 1319 1272 1380 vitam
1292 1318 1375 1381 redi-

204 1434 291 1489 turos
314 1445 384 1487 esse
408 1422 533 1504 114).-
550 1424 619 1484 Alia
640 1428 742 1482 autem
762 1422 821 1495 sia,
844 1422 948 1498 oredo,
970 1423 1129 1503 probabile
1150 1422 1239 1484 reddi
1260 1426 1373 1502 potest,

205 1530 357 1606 antiquam
385 1525 545 1605 Magorum
579 1524 618 1583 de
644 1524 872 1585 resurrectione
900 1526 1085 1585 sententiam
1119 1546 1137 1585 e
1163 1523 1234 1587 vet.
1264 1524 1372 1585 Testa·

205 1638 310 1692 mento
332 1630 431 1708 aliqua
453 1648 491 1688 ex
512 1632 601 1706 parte
623 1626 826 1704 discrepasse.

291 1730 390 1793 Vetus
418 1729 651 1790 Testamentum
678 1727 759 1787 haud
792 1727 884 1789 dubie
913 1729 1035 1803 statuit,
1070 1729 1153 1809 ipse
1187 1736 1372 1790 mortuorum

207 1852 371 1912 corpora
392 1831 423 1890 in
445 1831 537 1889 vitam
558 1837 733 1892 revocatum
755 1831 803 1904 iri,
831 1830 912 1907 (Jes.
935 1827 993 1904 26,
1017 1827 1068 1891 19.
1096 1831 1290 1892 cadavera
1311 1850 1373 1890 roeo

205 1939 364 2013 rerurpoot
384 1934 455 2008 etc,
478 1934 557 1993 Dan.
578 1929 629 2009 12,
652 1930 682 1992 2.
705 1931 789 1993 multi
810 1952 851 1993 ea·
872 1934 919 2007 iis,
942 1934 995 2014 poi
1016 1934 1195 1993 interrae
1218 1931 1372 2012 pulvere

205 2037 365 2105 dorrniuot,
387 2037 633 2115 erperpircentar
654 2041 734 2106 etc.,·
758 2034 800 2096 ef.
822 2031 842 2094 2
864 2035 964 2098 Mace.
987 2032 1119 2111 7,1l.):
1142 2055 1231 2114 quam
1253 2039 1372 2095 senten·

207 2330 273 2388 teris
294 2328 455 2385 Testamenti
476 2328 622 2384 doctrinam
645 2330 680 2385 de
701 2345 786 2401 regno
809 2329 942 2385 llessiano
964 2329 1049 2403 Magis
1078 2336 1166 2386 notam
1195 2329 1294 2402 luisse,
1324 2330 1373 2385 de-

207 2416 320 2471 claratur
340 2414 384 2485 iis,
407 2430 473 2487 quae
495 2414 643 2471 Matthaeus
665 2414 695 2471 C.
719 2409 749 2471 2.
772 2414 896 2471 narravit.

294 2528 366 2607 123)
388 2533 526 2590 Vullers
547 2534 566 2590 l.
591 2551 615 2590 o.
639 2552 665 2608 p.
690 2529 740 2591 40.
764 2551 800 2590 ex
821 2535 931 2606 RavaJ'et
951 2535 1035 2591 Barau
1056 2536 1124 2591 haec
1146 2534 1235 2591 alieri:
1273 2528 1373 2600 „Veo

90 2618 95 2632 '
207 2614 309 2677 didod
329 2616 368 2675 iat
388 2615 443 2675 der
464 2616 635 2695 zwooziprte
655 2635 713 2675 ooo
735 2615 794 2676 deo
817 2614 855 2676 ul
880 2613 967 2676 Norlr
988 2616 1044 2676 der
1065 2612 1191 2688 Aoesto5
1212 2613 1292 2676 ooclt
1314 2615 1374 2677 die·

208 2721 268 2762 aaut
289 2699 398 2760 Boohe
418 2699 542 2759 araeden
563 2703 618 2759 wir
639 2701 705 2761 uod
724 2701 773 2760 ilo·
795 2699 940 2761 lzeaodoe.
982 2700 1034 2762 At
1055 2721 1124 2760 moa
1145 2699 1224 2762 ooclt
1245 2698 1375 2761 Alexan·

208 2787 264 2847 der
285 2785 337 2846 die
357 2783 551 2845 Seodbdolter
576 2786 689 2845 wieder
715 2785 887 2865 ortfsatelde,
912 2787 995 2865 fond
1013 2782 1089 2846 mora
1109 2793 1195 2847 uniar
1216 2784 1295 2846 aliea
1316 2805 1374 2846 our

208 2872 313 2932 desen
333 2871 464 2949 eiozipera
485 2869 572 2930 Norlr
594 2869 804 2950 oolistdndip.“
826 2906 867 2918 --
889 2876 993 2932 Stulrr
1015 2875 1044 2947 (l.
1061 2893 1084 2931 c.
1108 2894 1135 2949 p.
1152 2871 1309 2949 {ildl‘eum
1325 2876 1377 2932 ad·

209 2962 315 3018 modom
337 2976 399 3016 sero
422 2959 600 3033 conscriptum
622 2977 684 3017 esse
706 2967 809 3016 censet.

295 3075 368 3153 let)
391 3074 573 3144 „Zorooder
591 3079 694 3154 fropie
718 3073 852 3152 erortzd
870 3076 936 3135 aod
955 3073 1081 3154 apraed:
1124 3069 1300 3145 „Orramd
1322 3075 1380 3136 der

209 3160 252 3222 do
273 3158 345 3220 oller
366 3161 476 3229 weisat,
503 3161 623 3220 woden
644 3161 695 3220 die
715 3161 819 3220 reioen
839 3158 1001 3220 Menoeceo
1022 3158 1163 3220 haiderici
1187 3157 1381 3223 Gocttecto

209 3245 320 3304 wieder
346 3244 555 3323 auferstelren?
601 3243 732 3305 Werden
759 3245 811 3305 die
831 3243 1011 3319 Horrenda,
1038 3243 1165 3304 Anteter
1191 3245 1247 3318 der
1272 3242 1379 3316 Deras,

209 3330 331 3408 Pfleper
344 3329 399 3388 der
413 3328 582 3404 Menandro,
603 3330 713 3389 wieder
728 3328 906 3409 oafatelreo?
939 3328 1030 3390 Wird
1049 3349 1118 3388 rouo
1139 3332 1201 3410 auf
1214 3330 1269 3391 der
1283 3326 1380 3402 Erde,

209 3414 262 3475 die
278 3412 410 3474 Ormmd
419 3411 598 3493 perokoffao,
626 3412 748 3474 Worser
758 3415 876 3494 fllerren
890 3413 955 3475 uod
967 3412 1054 3474 Korra
1067 3414 1205 3475 trochaeo
1219 3413 1379 3474 redeo?—

210 3496 331 3572 Alles,
353 3496 464 3576 spread
488 3496 628 3568 menard,
649 3498 747 3560 wird
767 3499 969 3579 aufrtelreo
990 3498 1065 3559 arod
1084 3519 1152 3559 ooo
1173 3497 1314 3559 leben.“
1335 3534 1382 3546 —

208 3589 281 3644 lnter
300 3587 375 3660 ipsos
395 3588 490 3643 Parsos
513 3585 578 3661 (vid.
601 3588 768 3659 llleuker,
791 3589 861 3645 Aah.
884 3605 908 3644 r.
930 3589 1045 3645 Zendav.
1067 3589 1089 3660 1,
1113 3583 1141 3644 l.
1164 3607 1191 3662 p.
1207 3584 1281 3661 285)
1303 3605 1380 3646 non-

108 3743 110 3747 ,
211 3674 275 3730 nulli
297 3671 415 3728 arbitrati
437 3679 512 3743 sunt,
539 3674 610 3727 hunc
630 3673 718 3728 locum
739 3690 793 3729 nou
819 3674 852 3729 ad
874 3674 1096 3730 resurrectionem
1124 3681 1299 3744 mortuorum,
1329 3674 1383 3730 sed

211 3760 245 3816 ad
267 3775 308 3829 ea,
331 3774 398 3829 quae
420 3775 498 3830 supra
521 3757 560 3826 (in
583 3765 672 3827 annot.
697 3754 769 3830 119)
793 3759 975 3832 exposuimus,
997 3759 1165 3816 referendum
1187 3775 1258 3815 esse.
1303 3759 1382 3816 Ean-

211 3846 272 3902 dem
294 3843 450 3899 senteotlam
473 3842 592 3899 defendit
612 3842 827 3899 Haereruick
850 3843 879 3916 (l.
897 3861 921 3900 c.
944 3863 971 3918 p.
989 3841 1073 3915 tto),
1096 3846 1164 3901 hanc
1184 3844 1314 3900 rationem
1333 3844 1381 3900 ai·

211 3931 309 4001 loreas,
333 3929 404 4000 quod
427 3928 469 3998 lis,
492 3944 559 3999 quae
581 3929 787 4000 subsequuntur,
809 3945 863 3987 noo
884 3929 1045 3986 resurrectio
1067 3930 1116 3986 sed
1137 3945 1182 3986 ras
1204 3929 1292 3986 statim
1314 3937 1382 4002 post

211 4022 323 4072 mortem
343 4013 443 4070 homini
465 4020 607 4070 eventurae
628 4015 804 4086 explicentur.
828 4045 868 4056 -
896 4018 934 4072 At
954 4015 1043 4070 verbis
1066 4015 1161 4085 „wird
1182 4032 1241 4071 man
1262 4015 1311 4071 aui
1330 4015 1382 4072 der

211 4101 282 4156 Erde
304 4100 386 4154 etc.“
415 4099 480 4154 satis
502 4100 670 4172 perspicuum
692 4101 736 4170 lit,
763 4100 899 4157 hocloco
922 4101 956 4156 de
978 4100 1064 4156 lutura
1085 4117 1173 4156 rerum
1194 4099 1311 4156 omnium
1332 4099 1380 4155 in·

210 4185 388 4253 stauratione,
415 4185 448 4240 ad
470 4202 547 4256 quam
569 4189 676 4258 etipsa
697 4187 858 4242 resurrectio
882 4194 1043 4242 mortuorum
1064 4186 1210 4258 pertineat,
1241 4185 1295 4256 agi.
1340 4186 1380 4241 Ea

210 4278 306 4341 autem,
329 4285 396 4340 quae
417 4278 570 4341 sequuntur,
593 4268 737 4342 (siquidem
759 4274 948 4327 sententiarum
969 4286 1065 4327 nexum
1086 4277 1160 4326 recte
1181 4269 1320 4343 perspexi)
1343 4286 1381 4325 ex

210 4358 291 4412 rebus
312 4355 400 4411 statim
421 4363 484 4428 post
505 4363 616 4412 mortem
639 4357 773 4413 aventuris
796 4358 939 4413 ostendere
961 4358 1068 4427 volunt,
1096 4373 1154 4412 our
1174 4355 1295 4411 homines
1317 4355 1379 4428 pori

210 4457 318 4515 sperare
341 4441 469 4512 debeant,
498 4457 528 4496 se
551 4442 584 4497 ad
605 4458 700 4497 novam
721 4442 801 4498 vitam
823 4441 978 4497 suscitatum
999 4441 1048 4512 iri,
1071 4448 1100 4498 et
1121 4458 1168 4497 our
1187 4441 1284 4497 iisdem
1306 4441 1379 4496 Dar-

209 4527 303 4597 vandi,
332 4527 429 4600 quippe
451 4543 561 4599 quorum
583 4527 684 4584 animae
711 4533 907 4602 postmortem
935 4526 1087 4598 deleantur,
1115 4543 1169 4584 non
1190 4525 1301 4598 amplius
1324 4526 1380 4582 sint

193 4611 343 4666 metuendi
