3150 5300
715 484 739 559 3

142 700 176 754 et
202 693 409 774 periculosum
437 691 534 749 visum
562 695 626 764 est,
654 690 682 749 si
704 689 787 768 quis,
815 709 892 768 quae
915 688 986 751 Vet.
1008 688 1241 753 Testamentum
1269 692 1309 754 de

141 798 235 857 rebus
256 794 386 869 futuris,
408 792 447 853 de
468 792 670 853 terrestribus
692 791 817 871 pietatis
838 791 982 871 praemiis
1004 797 1038 852 et
1057 792 1219 873 impiorum
1240 812 1309 875 sup·

141 898 243 978 pliciis
265 897 407 969 dixisset,
436 894 475 955 sd
498 895 619 955 literam
640 894 735 955 vellet
761 893 974 972 interpretari:
1003 914 1094 973 quam
1121 896 1161 957 olr
1189 916 1311 958 causum

143 1000 195 1060 illa
230 1000 330 1059 omnia
356 995 569 1058 tantummodo
602 1014 659 1074 pro
685 996 792 1075 liguris
826 1002 859 1057 et
887 997 1068 1058 coelestium
1095 999 1311 1077 mysteriorum

142 1102 323 1180 imaginibus
351 1098 495 1160 habenda
527 1116 598 1158 esse
626 1098 826 1173 existimavit,
861 1099 1035 1159 concedens
1063 1104 1182 1176 tamen,
1214 1101 1311 1180 ipsius

143 1203 268 1266 Veteris
298 1200 491 1262 Testamenti
512 1200 704 1280 temporibus
726 1201 809 1262 solos
830 1201 998 1280 prophetes
1020 1202 1158 1281 aliosque
1184 1226 1311 1278 europu-

141 1306 226 1377 nutc‚
250 1324 329 1382 quse
349 1303 449 1365 literis
472 1303 567 1364 sacris
589 1303 689 1365 velate
710 1309 826 1379 essent,
849 1303 1007 1383 explorata
1027 1300 1227 1383 habuisset).
1264 1304 1311 1366 Sl-

143 1407 234 1482 milis,
257 1406 314 1466 sed
335 1425 397 1465 non
419 1404 528 1466 eadem
549 1405 609 1467 fuit
630 1406 785 1467 sententia
798 1406 1012 1486 Augustini.
1048 1406 1205 1468 censebat
1218 1407 1311 1482 enim,

140 1508 377 1588 promissionem
398 1507 549 1567 bonorum
570 1507 776 1583 terrestrium,
799 1526 878 1586 quae
901 1507 933 1567 iu
954 1525 1050 1587 regno
1073 1508 1173 1569 divino
1189 1509 1312 1570 omniuo

141 1630 204 1672 non
226 1609 408 1692 abjicienda,
431 1608 488 1671 sed
510 1609 650 1670 inferiori
671 1615 789 1670 tantum
811 1610 880 1670 loco
901 1609 1043 1670 habenda
1057 1615 1173 1685 essent,
1195 1610 1312 1690 optime

143 1712 267 1792 quidem
297 1711 476 1791 congruisse
505 1710 630 1773 Veteris
652 1711 847 1774 Testamenti
874 1711 1082 1791 temporibus3
1111 1711 1168 1773 sed
1195 1712 1254 1773 elia
1279 1712 1313 1773 iu

141 1816 196 1876 illo
218 1814 390 1875 contumaci
419 1820 451 1875 et
473 1814 636 1894 imperitae
664 1814 852 1875 multitudini
879 1815 1083 1895 promulgata,
1113 1814 1172 1875 alia
1193 1814 1252 1894 piis
1279 1820 1313 1875 et

141 1917 333 1996 sapientibus
355 1935 459 1976 rerum
480 1935 516 1977 ac
538 1934 714 1977 sermonum
734 1916 842 1996 figuris
863 1916 1043 1997 significate,
1064 1916 1147 1978 illam
1162 1915 1312 1997 praemio·

141 2040 209 2081 rum
231 2038 459 2099 poenarumque
481 2018 676 2081 terrestrium
698 2019 930 2099 exspectatione
952 2018 1132 2095 coircitam,
1159 2019 1218 2080 hos
1239 2036 1313 2080 vero

142 2128 288 2182 aeternae
309 2120 390 2181 sitne
411 2138 468 2201 spe
489 2126 612 2182 erectos
633 2119 730 2182 fuisse
751 2117 790 2200 ⁷).

228 2340 260 2417 ll)
282 2345 317 2401 de
337 2343 423 2418 prino.
448 2346 543 2420 iragm.
566 2346 595 2403 L.
617 2344 664 2403 Ν.
688 2344 744 2413 (ed.
765 2345 968 2419 liedepenning.
990 2362 1017 2418 p.
1042 2340 1082 2401 53
1104 2344 1168 2418 sp),
1190 2343 1217 2400 in
1239 2359 1312 2400 vers.

142 2431 226 2487 Rulin.
242 2430 288 2502 lV,
304 2426 334 2486 8.
353 2427 401 2486 13.
421 2428 469 2487 to.
486 2427 537 2487 tt.
554 2428 605 2488 23.
629 2439 658 2488 et
677 2432 728 2503 sl,
751 2431 786 2488 ci.
810 2431 1027 2501 thomasius,
1050 2427 1182 2502 Origenes
1196 2447 1222 2502 p.
1239 2424 1312 2485 273.

143 2512 202 2572 311
221 2533 263 2587 sq.
288 2546 326 2555 -
349 2516 430 2587 Fuse,
453 2524 483 2573 ut
503 2534 582 2572 unum
604 2518 754 2590 exemplum
776 2516 894 2588 afferam,
915 2514 1047 2588 Origenes
1069 2532 1093 2571 o.
1116 2513 1187 2570 Cels.
1210 2515 1238 2569 L.
1253 2512 1312 2570 Vll.

143 2599 208 2676 (cd.
232 2602 360 2675 Speuccr.
388 2618 415 2675 p.
439 2596 502 2657 350
524 2600 586 2676 sq.)
614 2601 739 2676 exponit,
768 2618 836 2676 quae
856 2601 885 2658 in
906 2601 968 2658 Vct.
991 2601 1159 2658 'testamento
1187 2599 1221 2656 do
1243 2605 1314 2656 terra

144 2693 235 2742 sancta
250 2685 382 2760 promissa
395 2687 457 2758 sint,
479 2704 534 2744 non
548 2688 581 2743 od
594 2687 777 2759 Palaestinam,
796 2688 845 2744 sed
860 2688 893 2743 ad
907 2686 987 2760 illem,
1000 2687 1034 2742 dc
1049 2703 1099 2758 qus
1113 2686 1187 2742 Pluto
1202 2684 1312 2760 (Phaed.

143 2772 174 2828 C.
198 2767 267 2844 58.)
290 2772 396 2828 locutus
416 2772 466 2844 sit,
488 2779 585 2830 terrem
606 2790 712 2846 puram,
741 2773 768 2828 in
790 2790 857 2846 puro
880 2772 958 2828 ooelo
979 2771 1057 2827 situm
1078 2770 1219 2827 referenda
1240 2786 1313 2826 esse.

145 2855 196 2928 (Gi.
219 2856 318 2912 Euseb.
340 2874 433 2931 praep.
458 2874 501 2913 cv.
524 2851 755 2928 x1,3onn.37.
778 2857 823 2913 ed.
847 2857 899 2913 col.
922 2874 949 2930 p.
974 2851 1035 2912 564
1050 2854 1103 2928 sq.)
1128 2885 1167 2896 -
1189 2855 1230 2910 lie
1244 2855 1313 2911 dus-

143 2942 209 3011 bus,
237 2958 304 3013 quoa
331 2942 363 2998 ab
386 2942 462 2999 initio
485 2941 624 2999 exstitisse
651 2944 823 3016 putabuntur,
852 2941 993 2998 israelitici
1019 2940 1111 3015 populi
1131 2939 1250 3014 partibus
1277 2939 1312 2995 ol.
1390 3002 1402 3016 α

144 3031 235 3082 annot.
257 3021 309 3081 20.

230 3137 261 3212 7)
283 3141 346 3199 Vid.
369 3160 394 3200 o.
416 3142 505 3199 Adim.
529 3143 572 3200 ed.
595 3144 680 3217 lugd.
703 3145 733 3201 T.
756 3144 802 3200 Vl
825 3162 852 3218 p.
876 3139 926 3200 85.
971 3138 1027 3214 „st
1049 3140 1080 3198 in
1102 3135 1191 3198 Nouo
1216 3136 1313 3198 Testa·

142 3229 239 3284 mento
257 3230 379 3303 praeter
400 3231 550 3285 oeternum
567 3228 794 3305 possessionem,
816 3244 895 3306 pene
910 3225 1099 3304 promittitur
1118 3224 1238 3293 sanctis,
1260 3221 1313 3283 leu-

134 3312 191 3392 jus
212 3329 330 3390 quoque
349 3311 556 3389 possessionis,
579 3330 657 3391 queue
678 3313 842 3371 incomitum
864 3315 916 3382 est,
938 3307 1147 3388 multiplicatio
1167 3326 1228 3368 non
1249 3306 1313 3368 snb·

144 3391 342 3460 trulitmff-
305 3401 478 3474 -quunto
499 3415 568 3475 mop
569 3397 595 3455 is
616 3397 649 3455 in
669 3395 732 3457 Vel.
750 3394 933 3456 Testamento
955 3392 1087 3454 cummis
1105 3390 1214 3473 populi
1223 3412 1314 3472 prae

143 3479 206 3538 mie
227 3475 303 3537 talia
325 3495 388 3537 esse
408 3477 573 3539 debumnnt
593 3485 673 3541 eto.“
696 3516 737 3528 -·
766 3485 796 3541 c.
819 3485 908 3540 Faust.
929 3483 976 3555 lV,
998 3478 1029 3538 2
1066 3475 1314 3556 „temporalium

144 3562 266 3644 purtem
287 3580 385 3620 rerum
402 3563 617 3642 promissiones
634 3562 817 3625 Testummto
839 3565 902 3627 Vet.
918 3525 1072 3632 contineri,
1094 3568 1124 3621 el
1136 3562 1206 3623 ideo
1221 3561 1314 3624 Vetus

147 3646 221 3708 Test
243 3645 401 3726 appellari,
426 3667 511 3709 neruo
532 3655 663 3709 nostrum
686 3649 882 3729 onebipit-
903 3649 990 3710 secl
977 3668 1011 3708 sn
1031 3646 1091 3708 illis
1104 3645 1314 3726 temporalibus

141 3733 256 3810 fiprsnus
274 3733 372 3811 fuisse
389 3735 583 3813 suenoruffl
605 3746 721 3795 etn-
749 3738 779 3795 C.
802 3739 890 3795 Adim.
912 3756 939 3812 p.
963 3732 1014 3795 74.
1049 3728 1175 3804 „Germ
1196 3731 1313 3812 quidus·

145 3817 217 3877 dono
239 3816 349 3876 umbris
371 3824 399 3877 et
415 3818 573 3898 fipusis-
593 3817 779 3899 -populus
800 3817 849 3878 ille
863 3818 1024 3893 tenebatur,
1045 3816 1100 3898 pai
1113 3815 1236 3877 Testem.
1258 3815 1313 3877 Ve-

144 3907 192 3962 tus
214 3903 347 3981 accepit:
381 3909 479 3962 tumen
499 3903 532 3961 in
553 3922 588 3963 eo
609 3909 692 3965 tanta
715 3904 907 3984 praedicatio
935 3909 966 3964 et
979 3902 1211 3983 praenunciatio
1232 3899 1315 3960 Noni

146 3985 222 4046 Test.
246 3992 303 4056 est,
331 3991 479 4047 utnulla
501 3991 685 4057 (iuliotraot.
710 3989 744 4066 1,
766 3988 818 4049 99.
847 3993 970 4049 emendat
990 3990 1171 4064 Augustinus:
1200 4006 1313 4063 paone

145 4070 243 4147 nutu)
273 4075 306 4132 in
327 4075 540 4149 evangelica
562 4083 665 4150 utque
686 4078 885 4151 apostolica
909 4076 1096 4150 discipline
1125 4075 1314 4148 reperian-

145 4162 217 4229 tur,
245 4161 397 4229 quamvis
420 4162 523 4217 ardua
551 4169 586 4218 et
606 4162 725 4219 divina
746 4171 935 4239 praecepte
957 4170 992 4219 et
1012 4159 1198 4235 promissa,
1229 4177 1313 4232 quse

145 4242 178 4299 in
205 4241 284 4298 illis
310 4246 412 4302 etiem
440 4246 621 4303 veteribus
648 4246 751 4305 libris
788 4249 911 4304 desint
919 4249 939 4279 “
967 4277 1007 4290 -
1033 4244 1164 4319 Imprimis
1190 4252 1313 4301 neomuto

144 4344 220 4384 suam
242 4327 277 4383 de
298 4327 349 4382 huo
369 4346 400 4384 re
420 4332 578 4389 sententiam
593 4332 720 4406 exposuri
731 4332 926 4406 Augustinus
917 4349 946 4390 ιιι
966 4332 1034 4389 libro
1049 4332 1083 4388 de
1099 4331 1226 4388 catechia.
1241 4329 1312 4400 rud,

145 4429 171 4469 e.
187 4431 215 4485 g.
239 4411 269 4468 G.
294 4406 344 4467 19.
367 4407 463 4477 „diret
481 4412 524 4473 ili
546 4419 662 4488 (subit.
686 4418 728 4492 Τ)
748 4414 907 4475 multitudo
929 4411 1070 4481 consuls,
1092 4429 1170 4512 quoe
1187 4416 1313 4489 propter

145 4491 276 4554 visibilia
302 4492 445 4572 beneficio
471 4496 587 4559 contat
605 4497 714 4560 Deum.
756 4498 916 4560 Homulli
937 4504 1034 4559 eutem
1059 4496 1156 4576 ponci
1177 4498 1313 4574 fistucum

145 4580 278 4660 sepeciem
299 4580 464 4699 copituntes
484 4587 515 4642 et
534 4581 687 4646 eoelmtem
704 4585 839 4665 putrium
859 4585 1066 4666 requirentes“
1092 4591 1153 4639 eto.
1178 4611 1223 4624 —
1243 4585 1325 4634 ts'xn

990 4675 1134 4735 ,ῃ
