3150 5300
758 490 812 566 30

198 704 349 766 humanae
376 702 530 767 elementa
556 699 778 781 quodammodo
807 701 890 762 inter
921 719 955 762 se
978 702 1145 764 cohaerere
1172 703 1298 775 censet,
1330 698 1372 760 ita

198 807 383 888 praesertim
404 810 587 886 perpetuum
610 804 728 863 animae
750 805 781 863 in
798 804 880 865 Orco
901 806 1052 865 versantis
1075 810 1108 866 et
1130 805 1256 885 spiritus
1278 802 1312 863 in
1327 801 1371 863 di·

199 910 269 971 vino
291 910 414 970 numine
435 906 589 967 reconditi
611 913 644 967 et
666 908 814 968 asservati
837 909 1053 970 commercium
1077 909 1193 969 statuit.
1223 904 1371 978 „biterrim

199 1013 315 1092 inquit,
343 1010 445 1069 anima
467 1028 530 1069 esre
552 1009 713 1079 desineret,
735 1011 796 1069 nisi
813 1011 1030 1090 perspiritum
1051 1030 1068 1069 e
1089 1011 1215 1070 neuterio
1236 1008 1373 1068 inanimo

200 1111 422 1196 quaedammodo
443 1111 631 1171 eximeretur.
676 1111 781 1192 Itaque
802 1118 925 1191 etpost
945 1118 1065 1172 nrortem
1086 1131 1147 1171 non
1164 1116 1288 1191 pereat,
1318 1107 1374 1169 red

200 1219 313 1275 orntum
334 1230 394 1272 non
412 1218 527 1292 pereat,
550 1215 613 1294 qus
635 1214 680 1272 rel
701 1232 824 1271 comam
846 1214 878 1270 in
899 1232 934 1271 eo
951 1232 1058 1291 ponae,
1083 1214 1167 1293 qood
1179 1231 1217 1271 ne
1231 1218 1294 1271 narn
1309 1211 1373 1292 qui·

202 1316 270 1377 deon
292 1315 388 1376 ornnis
406 1315 526 1393 pencris
548 1315 755 1372 commercium
777 1333 844 1373 enm
865 1315 974 1394 spiritu
995 1321 1039 1374 est
1057 1313 1233 1376 sublatum.“
1249 1348 1291 1360 -
1308 1314 1374 1391 Qus

200 1418 232 1479 ln
254 1417 409 1478 sententia
430 1416 490 1476 hoc
512 1436 617 1477 verum
641 1421 698 1491 est,
721 1416 850 1477 animam
873 1418 913 1478 ob
937 1437 1005 1478 eam
1027 1424 1143 1478 tantum
1164 1436 1288 1478 causam
1302 1420 1374 1496 post
1410 1470 1414 1474 .

200 1527 333 1582 mortem
355 1538 517 1579 remanere
539 1538 642 1599 posse,
666 1520 746 1598 quod
768 1520 835 1599 ipsa
857 1520 967 1599 spiritu
982 1527 1058 1596 orta,
1081 1522 1174 1581 etiam
1196 1520 1250 1580 ubi
1272 1540 1290 1579 a
1312 1518 1373 1599 spi-

200 1624 263 1684 ritu
285 1621 470 1682 sustentanti
493 1621 617 1680 deserta
639 1627 703 1696 est,
732 1641 817 1682 suam
840 1629 942 1684 servat
963 1624 1140 1703 spirabilem
1162 1628 1302 1682 naturam
1323 1619 1372 1702 ⁶⁸).

201 1724 290 1804 Quod
314 1744 374 1805 quo
402 1725 475 1804 jure
504 1724 722 1784 commercium
749 1725 869 1784 animae
897 1744 966 1783 cum
992 1726 1101 1804 spiritu
1127 1725 1159 1785 in
1186 1744 1301 1786 numen
1329 1723 1371 1785 di·

199 1828 302 1889 vinum
329 1845 453 1886 reverso
481 1819 549 1885 ‹lici'
571 1826 685 1905 possit,
715 1825 948 1905 equidem'non
975 1828 1075 1888 video.
1124 1827 1172 1889 Ne
1199 1826 1277 1888 illud
1305 1828 1372 1908 qui-

201 1930 272 1991 dem
293 1928 417 2009 probari
439 1932 560 2008 potest,
588 1925 729 2008 spiritum
751 1928 884 1989 hominis
907 1949 924 1988 a
947 1929 1011 1988 Deo
1038 1934 1110 2009 post
1132 1935 1263 1991 mortem
1285 1950 1372 1991 rece-

200 2036 287 2113 ptum
309 2051 370 2091 non
393 2031 537 2091 confundi
558 2051 627 2092 cum
647 2032 790 2091 universo
813 2032 922 2110 spiritu
942 2031 1038 2106 vitali,
1060 2031 1116 2091 sed
1139 2032 1224 2111 quasi
1246 2033 1374 2094 recondi

201 2135 235 2196 iu
258 2136 324 2196 Deo
352 2140 385 2194 et
406 2134 564 2194 asservari.
608 2135 814 2214 Argumenta,
845 2135 953 2213 quibus
975 2134 1129 2212 Heyder
1155 2136 1175 2195 l.
1199 2155 1225 2195 c.
1248 2141 1374 2197 senten·

201 2237 277 2297 tiam
298 2255 384 2296 suam
407 2235 546 2295 stabilire
570 2242 707 2310 conatur,
729 2255 790 2295 non
806 2240 877 2295 sunt
892 2235 1059 2315 exegetica,
1082 2236 1139 2297 sed
1160 2238 1375 2318 philosophica

203 2345 237 2401 et
258 2338 438 2418 dogmatica.
482 2338 530 2397 Ex
552 2337 624 2400 Vct.
647 2338 844 2400 Testamenti
865 2338 952 2410 locis,
975 2338 1002 2398 si
1023 2340 1116 2399 verba
1137 2359 1249 2420 urgere
1270 2343 1374 2403 volue-

202 2442 263 2517 ris,
284 2441 405 2501 facilius
429 2442 616 2501 contrarium
638 2442 819 2514 concludes,
842 2446 875 2501 et
896 2441 1027 2501 maxime
1049 2440 1172 2520 quidem
1195 2462 1234 2502 ex
1254 2443 1372 2506 Ezeclr.

202 2540 255 2619 37,
279 2541 330 2603 14.
367 2544 395 2603 ls
419 2544 500 2603 enim
521 2544 617 2618 locus,
640 2542 694 2626 (de
716 2563 776 2623 quo
798 2544 830 2603 in
853 2542 988 2603 secunda
1008 2543 1099 2623 hujus
1121 2544 1191 2604 libri
1213 2551 1303 2623 parte
1325 2566 1373 2609 ac·

204 2646 338 2708 curatius
365 2645 587 2725 disseremus),
616 2667 708 2727 quum
730 2653 919 2706 mortuomm
946 2645 1181 2707 resurrectionis
1208 2647 1374 2729 imaginem

203 2755 432 2830 repraesentet,
454 2749 487 2809 id
508 2750 608 2829 ipsum
630 2749 739 2824 docet,
769 2769 829 2829 qua
849 2750 968 2809 ratione
990 2749 1103 2808 mortui
1124 2749 1157 2809 in
1177 2750 1269 2811 vitam
1292 2753 1374 2814 redi·

203 2853 266 2914 turi
287 2853 357 2913 sint.
386 2852 433 2913 lbi
454 2832 527 2912 vero
549 2852 701 2931 propheta
723 2871 784 2911 non
806 2851 890 2925 dicit,
914 2851 1010 2911 Deum
1033 2852 1172 2928 mortuis,
1194 2872 1269 2932 quos
1284 2855 1316 2914 in
1331 2858 1374 2916 vi-

203 2960 268 3015 tam
289 2958 486 3015 revocaturus
508 2953 564 3028 sit,
592 2954 762 3033 ipsorum
791 2953 930 3032 spiritum
952 2952 984 3011 in
1005 2952 1106 3012 divino
1128 2956 1251 3016 numine
1273 2976 1374 3018 asser·

204 3063 305 3118 vatum
325 3055 468 3132 reddere,
490 3056 547 3118 sed
569 3075 673 3116 suum
694 3055 819 3135 ipsius
842 3056 982 3135 spiritum
1005 3056 1110 3148 (spon)
1132 3058 1163 3118 in
1184 3058 1223 3118 iis
1243 3077 1373 3137 ponere.

268 3189 303 3272 4)
324 3191 475 3254 Jamvero
495 3191 541 3254 de
562 3193 732 3273 ipsarum
755 3193 961 3253 animarum
983 3193 1130 3256 in0rco
1151 3191 1371 3270 degentium

206 3301 312 3357 sorte
334 3301 372 3356 et
394 3294 625 3355 conditione
648 3294 862 3356 disserendum
885 3302 942 3358 est.
973 3297 1058 3374 Quae
1080 3294 1173 3377 qualis
1194 3293 1244 3368 sit,
1267 3312 1306 3353 cu
1320 3293 1372 3369 iis,

205 3398 337 3478 quaein
359 3398 511 3477 superiori
533 3396 738 3477 disputatione
761 3398 801 3459 de
822 3399 955 3459 hominis
976 3406 1084 3461 natura
1111 3397 1253 3471 diximus,
1279 3395 1374 3459 facile

206 3500 308 3580 colligi
329 3505 443 3579 potest.
477 3500 556 3560 Nam
578 3519 669 3579 quum
692 3500 791 3561 anima
813 3521 933 3562 omnem
955 3504 1091 3583 vigorem
1114 3507 1146 3562 et
1168 3520 1258 3561 omna
1279 3499 1376 3560 robur

205 3621 267 3663 non
289 3622 327 3662 ax
349 3622 383 3662 se
405 3603 480 3681 ipsa,
503 3602 559 3662 sed
583 3623 620 3664 ex
642 3603 752 3683 spiritu
773 3607 958 3667 sustentanti
980 3607 1097 3680 trahat,
1129 3603 1254 3665 deserta
1275 3621 1293 3662 a
1315 3603 1375 3683 spi-

104 3776 106 3779 ·
205 3706 268 3767 ritu
289 3724 350 3765 non
372 3711 478 3784 potest
499 3724 560 3765 non
582 3705 693 3767 debilis
716 3713 749 3768 ct
769 3708 927 3769 imbecilla
948 3727 1034 3781 essa;
1057 3707 1166 3768 eadem
1189 3724 1282 3787 quum
1305 3703 1385 3765 cor?

206 3828 284 3890 pore
312 3814 432 3882 carcat,
460 3809 573 3868 nullam
595 3810 723 3889 amplius
751 3811 784 3870 in
806 3811 880 3871 alias
906 3831 957 3871 res
986 3811 1046 3870 vim
1075 3811 1222 3870 exercere
1249 3808 1376 3885 poterit,

208 3910 265 3973 sed
287 3910 376 3990 segni
397 3916 431 3971 et
451 3911 607 3972 desidioso
629 3913 693 3972 otio
707 3913 873 3992 languebit.
902 3913 1002 3990 Quid?
1024 3913 1051 3973 si
1067 3930 1113 3985 ea,
1136 3929 1214 3989 quae
1235 3909 1276 3970 de
1299 3930 1377 3970 cor·

207 4013 264 4073 dis
292 4017 326 4074 et
354 4013 469 4073 animi
492 4014 667 4077 discrimine
690 4015 905 4090 disseruimus,
933 4013 1103 4076 accuratius
1124 4011 1378 4090 reputaverimus,

208 4115 395 4176 concludere
424 4116 545 4195 licebit,
581 4139 779 4198 quaecunque
806 4119 838 4178 in
865 4118 955 4178 firmo
982 4135 1018 4175 ac
1045 4110 1197 4174 constanti
1226 4111 1319 4174 animi
1347 4120 1380 4176 et

207 4219 320 4280 mantis
342 4219 449 4280 babitu
463 4221 645 4297 consistunt,
666 4220 859 4302 sapientiam,
882 4216 1052 4290 scientiam,
1075 4211 1233 4275 consilium
1250 4221 1282 4275 et
1297 4218 1379 4300 ejus-

293 4422 348 4501 63)
372 4428 501 4495 Quocirca
517 4431 617 4487 animae
631 4430 659 4485 in
674 4428 744 4485 Orco
758 4382 947 4497 versantess'l
965 4425 1033 4480 Petr.
1048 4419 1078 4496 3,
1096 4378 1151 4481 19.Δ
1168 4419 1316 4494 πνεύματα
1333 4426 1379 4484 di-

210 4519 313 4569 cuntur.
335 4544 379 4555 —
399 4516 491 4571 l’arum
512 4514 657 4573 verisimile
680 4519 731 4583 est
752 4512 780 4569 in
801 4508 910 4582 tant,
928 4507 977 4568 15.
999 4528 1067 4570 voca
1083 4520 1146 4588 m]
1169 4517 1303 4585 spectrum
1319 4512 1380 4570 siva

210 4597 321 4656 enimam
342 4600 439 4659 mortui
460 4599 575 4657 hominis
596 4597 759 4672 significem
781 4597 835 4656 vid.
860 4596 976 4657 Hir‘zel
997 4598 1031 4656 ad
1052 4598 1070 4656 l.
1094 4614 1119 4653 c.
