3150 5300
777 514 827 587 59

303 718 439 794 Quacum
460 717 598 778 doctrina
620 738 708 797 quam
731 727 802 800 apte
825 720 935 801 dogma
957 722 997 782 de
1019 729 1205 784 mortuorum
1228 746 1383 789 resurrec-

200 816 301 880 tione
323 820 497 896 cohaereat,
519 820 612 881 facilc
633 821 824 902 intelligitur.
860 824 938 883 Nam
959 845 1050 903 quum
1074 846 1111 887 ex
1132 826 1291 907 Magorum
1315 850 1383 891 sen·

195 921 329 995 tentia,
358 942 434 1001 quac
454 924 620 983 veterrima
640 925 806 1003 putabatur
832 925 982 1005 (Pausan.
1004 928 1057 1003 lV,
1080 925 1167 1007 32),
1196 937 1383 1007 mortuorum

198 1025 335 1084 animae
355 1044 417 1084 non
439 1026 678 1105 exstinguantur,
700 1026 810 1087 sedin
832 1034 989 1088 aeternum
1005 1035 1157 1103 maneant,
1180 1051 1308 1093 necesse
1324 1041 1382 1109 est,

201 1127 253 1187 aad
274 1146 328 1187 eas
351 1146 472 1206 quoque
495 1129 598 1188 mundi
619 1129 872 1209 instaurationem
894 1132 1066 1209 pertinere:
1095 1134 1176 1210 quod
1198 1154 1258 1194 non
1281 1143 1384 1215 potest

202 1230 298 1304 fieri,
328 1230 387 1289 nisi
409 1231 550 1290 absoluta
571 1232 745 1292 seculorum
768 1234 968 1293 conversione
994 1235 1026 1294 in
1048 1254 1154 1294 novam
1182 1238 1275 1297 vitam
1297 1259 1383 1300 revo-

216 1331 371 1392 cabuntur.
400 1366 441 1377 —
470 1332 533 1393 Sed
549 1334 615 1413 jam
636 1333 667 1393 in
690 1334 813 1413 antiqua
834 1336 1029 1413 Assyriorum
1050 1355 1207 1416 magorum
1226 1331 1384 1421 theologia

215 1433 273 1494 hoc
294 1434 407 1513 dogma
427 1434 534 1509 fuisse,
556 1436 639 1496 nullo
661 1438 839 1497 testimonio
861 1439 984 1516 probari
1005 1444 1124 1518 potest3
1147 1459 1205 1501 nec
1226 1442 1308 1501 inter
1329 1463 1383 1523 po·

212 1537 362 1597 steriores
386 1537 508 1615 quidem
530 1538 711 1615 Chaldaeos,
735 1541 786 1619 qui
809 1542 978 1619 sapientiae
1000 1541 1118 1602 illorum
1143 1544 1228 1621 quasi
1249 1545 1383 1606 heredes

211 1638 288 1699 iacti
311 1644 393 1714 sunt,
416 1639 601 1720 divulgatum
623 1642 721 1703 fuisse
742 1643 872 1704 ridetur.
916 1643 994 1704 Nam
1016 1645 1207 1705 Diodorus
1231 1646 1323 1725 (Bibl.
1346 1647 1382 1723 ll,

211 1737 400 1819 29-31.),
430 1743 483 1803 ubi
506 1744 545 1805 dc
568 1745 791 1807 Chaldaeorum
813 1747 973 1826 disciplina
995 1748 1120 1826 copiose
1143 1748 1282 1823 disserit,
1305 1750 1382 1810 nihil

212 1844 337 1904 omnino
360 1852 595 1922 commemorat,
626 1848 707 1927 quod
734 1849 773 1907 ad
800 1850 1035 1910 resurrectionis
1063 1850 1173 1930 dogma
1200 1852 1262 1911 ullo
1290 1852 1382 1911 modo

211 1946 381 2025 pertineat,
409 1947 644 2008 Plutarchus
667 1956 769 2011 autem
792 1970 829 2011 eo
852 1952 937 2025 loco,
967 1952 998 2010 in
1021 1972 1112 2030 quem
1134 1953 1223 2031 paulo
1246 1959 1317 2031 post
1336 1955 1381 2013 in-

211 2048 369 2127 quiremus
396 2050 456 2126 (de
483 2051 521 2110 ls.
550 2056 583 2111 ct
606 2051 687 2113 0sir.
716 2053 750 2115 C.
774 2051 846 2131 47.)
873 2053 1084 2113 tantummodo
1113 2054 1152 2113 de
1180 2054 1381 2116 Persarum

211 2151 307 2231 magis
336 2151 471 2230 loquitur
493 2150 563 2231 ¹¹⁷).
609 2155 697 2231 Quod
719 2155 884 2215 Chaldaeis
912 2156 942 2214 in
970 2155 1022 2214 illa
1049 2156 1182 2215 universi
1210 2157 1314 2217 mundi
1336 2159 1380 2217 in-

210 2253 398 2314 stauratione
432 2256 642 2335 gravissimum
674 2257 853 2332 videbatur,
892 2257 1026 2317 fortasse
1058 2258 1119 2318 hoc
1155 2264 1239 2334 erat,
1273 2267 1381 2320 cuncta

207 2534 237 2589 p.
263 2510 334 2571 137.
362 2516 436 2570 llanc
457 2516 491 2570 de
512 2522 625 2587 quatuor
646 2514 734 2569 mnndi
756 2513 887 2571 aetatibus
909 2513 1056 2570 doctrinam
1078 2513 1147 2570 inter
1167 2515 1270 2588 llagos,
1294 2516 1378 2589 quid?

208 2600 318 2659 omnino
339 2601 409 2659 inter
422 2601 543 2671 Arianas,
566 2616 630 2672 quas
653 2606 758 2670 vocant,
780 2606 876 2673 gentes
891 2600 1058 2656 veterrimam
1079 2600 1173 2671 luisse,
1195 2602 1314 2675 pluribus
1329 2602 1379 2659 in-

208 2687 290 2743 diciis
310 2687 448 2760 probabile
470 2688 513 2757 lit3
541 2687 596 2741 vid.
619 2686 761 2756 Lassen,
791 2686 843 2741 ind.
868 2686 1123 2743 Alterthumskunde
1152 2688 1180 2741 Τ.
1205 2688 1227 2743 1.
1253 2706 1281 2761 p.
1306 2684 1377 2745 529.

206 2780 299 2830 annot.
318 2769 507 2843 l.,2Ewald,
531 2772 628 2828 Gesch.
652 2772 700 2828 des
722 2771 825 2827 Vollres
847 2773 895 2826 lsr.
919 2773 947 2826 T.
963 2772 984 2826 l.
1000 2789 1027 2844 p.
1044 2767 1106 2827 304
1122 2789 1181 2845 sqq.
1203 2803 1247 2813 -
1268 2774 1379 2829 Diversa

206 2866 252 2914 est
272 2858 404 2914 sententia
425 2857 558 2914 Stuhrii
581 2857 610 2926 (l.
627 2874 652 2913 c.
674 2875 702 2929 p.
718 2851 813 2928 362),
837 2857 881 2928 qui
903 2857 1054 2911 universum
1075 2857 1140 2912 illud
1162 2857 1258 2930 dogma
1280 2859 1378 2915 asim-

205 2943 273 3018 pliei
295 2944 410 2999 Zendica
437 2943 569 3015 religione
591 2943 702 2998 alienam
725 2941 808 2997 luisse
831 2949 859 2997 et
881 2942 985 2996 demum
1007 2958 1042 2996 ex
1063 2941 1135 2997 ludia
1157 2942 1190 2996 ad
1211 2944 1304 3015 lllagos
1326 2961 1378 2999 ve-

204 3029 281 3086 nisse
303 3035 386 3102 putat.
408 3059 452 3070 ·-
479 3028 576 3100 Utique
598 3035 712 3099 cognata
734 3033 777 3082 est
797 3027 920 3082 ludorum
948 3027 983 3081 de
1004 3033 1115 3097 quatuor
1136 3025 1220 3099 Yugis
1248 3028 1378 3085 sententia

205 3114 287 3188 (llan.
304 3115 354 3169 lllr.
370 3115 399 3169 S.
414 3115 435 3184 l,
452 3109 490 3169 81
509 3130 568 3185 sqq.
592 3120 620 3169 ct
640 3112 698 3186 ah),
720 3112 818 3184 qnippe
841 3128 908 3184 quae
931 3128 965 3166 ex
987 3111 1082 3166 eodem
1104 3111 1178 3166 fonte
1200 3112 1317 3167 derivata
1331 3113 1375 3169 sit.

295 3244 367 3321 117)
390 3250 551 3307 Sententiam
574 3251 608 3305 de
629 3248 826 3305 resurrectione
848 3255 1008 3304 mortuorum
1025 3265 1039 3302 a
1054 3247 1193 3303 Chaldaeis
1214 3249 1291 3322 plane
1306 3249 1377 3304 alie-

209 3352 269 3391 nam
296 3336 394 3407 luissc,
423 3336 485 3392 nolo
514 3335 685 3392 contendere.
729 3334 833 3390 Etenim
861 3334 957 3406 dogma
985 3333 1199 3406 demigratione
1226 3335 1375 3406 animarum,

213 3420 285 3491 quod
305 3421 331 3476 in
352 3421 530 3494 posteriorum
545 3420 736 3477 Chaldaeorum
758 3419 897 3492 disciplina
920 3419 989 3475 haud
1012 3419 1091 3474 dubie
1113 3419 1208 3490 inerat,
1231 3419 1266 3475 ita
1288 3420 1375 3477 infor-

208 3505 273 3562 mari
293 3515 393 3579 potest,
416 3513 446 3563 ut
466 3508 498 3561 ab
521 3491 565 3562 illa
588 3505 718 3561 sententia
740 3521 793 3560 non
816 3506 924 3561 multum
946 3505 1059 3560 dillemt.
1090 3505 1215 3560 Fortasse
1237 3522 1271 3560 ex
1292 3506 1375 3562 Chal-

210 3591 336 3650 daeorum
357 3592 494 3664 theologia
516 3593 652 3663 depromta
673 3598 743 3661 sunt,
766 3607 834 3660 quae
855 3591 966 3646 Varro
990 3589 1043 3662 (ap.
1066 3590 1182 3662 August.
1207 3591 1240 3645 dc
1263 3591 1319 3646 Civ.
1341 3592 1374 3647 D.

204 3671 257 3748 2⁵2,
279 3673 347 3746 28.)
368 3677 467 3734 refert:
495 3670 705 3742 „Genethliaci
726 3671 851 3752 putidam
871 3671 1061 3749 scripserunt,
1084 3690 1146 3730 erse
1167 3673 1199 3729 in
1220 3691 1374 3731 renascen-

205 3757 255 3816 dis
276 3757 443 3818 horninibus
464 3778 554 3838 quam
575 3757 731 3837 appellunt
749 3765 961 3830 παλιγγενεσίαν
986 3753 1114 3816 Graeci.-
1134 3755 1194 3814 dac
1215 3761 1262 3830 (al.
1283 3757 1373 3833 hauc)

206 3841 394 3920 scripserunt
413 3845 520 3922 confici
540 3845 572 3901 in
594 3845 680 3902 annis
700 3853 822 3901 nnnrcro
842 3842 1069 3923 quadringentis
1091 3841 1310 3923 quadraginta,
1336 3849 1377 3902 ut

204 3926 304 3987 idem
332 3945 467 4004 corpur
495 3928 675 3988 eteoclem
703 3928 840 3996 anima,
871 3947 964 4008 quae
988 3928 1143 4007 suerint
1168 3929 1374 4006 conjuncta

205 4013 246 4069 in
266 4009 416 4072 homine
437 4012 656 4094 aliqnando,
685 4012 813 4071 eadem
833 4031 961 4072 rursus
989 4016 1040 4086 (al.
1063 4010 1271 4092 aliqnando
1294 4031 1373 4071 ean·
1466 4012 1469 4017 ”

207 4095 306 4175 dem)
333 4097 494 4157 redeant
519 4101 556 4158 in
586 4099 925 4180 conjunctionem.“
947 4132 988 4142 -
1011 4101 1083 4167 Quae
1105 4101 1236 4156 sententia
1258 4117 1310 4156 non
1332 4109 1374 4158 est

207 4185 393 4241 confundenda
415 4186 453 4259 (id
475 4188 546 4259 quod
567 4187 759 4257 Lobeclrio,
782 4185 916 4258 Aglaoph.
940 4187 968 4241 T.
985 4187 1017 4241 ll.
1040 4203 1066 4257 p.
1090 4179 1152 4240 797
1174 4186 1306 4242 accidisse
1327 4187 1372 4241 vi-

206 4269 296 4341 detur)
320 4288 377 4326 cum
400 4289 440 4342 ea,
464 4291 539 4344 quam
562 4272 766 4345 olympiodorus
789 4271 822 4326 ad
844 4272 908 4327 Plat.
928 4271 1024 4327 Phaed.
1047 4290 1074 4344 p.
1091 4265 1141 4325 70.
1164 4271 1193 4326 C.
1217 4289 1252 4327 ex
1273 4271 1372 4343 Orphi-

206 4356 246 4412 cis
268 4357 422 4430 proposuit,
450 4357 543 4413 animis
565 4360 592 4415 in
615 4374 726 4430 corpora
748 4355 951 4428 remigrantihus
979 4373 1060 4428 saepe
1082 4355 1153 4426 fieri,
1182 4364 1219 4426 nt,
1242 4357 1287 4426 qui
1308 4356 1372 4412 olim

204 4450 314 4499 naturae
336 4448 364 4497 et
384 4441 521 4497 affinitatis
543 4443 655 4499 vinculis
677 4443 810 4514 conjuncti
832 4443 949 4512 luemnt,
977 4449 1072 4514 postea
1094 4441 1233 4512 aliquando
1255 4441 1282 4496 in
1304 4457 1371 4497 ean-

204 4527 265 4582 dem
286 4528 393 4584 domum
414 4526 606 4598 recolligantur
625 4529 658 4585 ad
679 4529 816 4600 pristinam
838 4526 1016 4583 conditionem
1037 4527 1151 4583 revoluti
1172 4524 1237 4597 (vid.
1252 4527 1369 4583 Loheck.

204 4613 223 4668 l.
247 4613 293 4685 c.).
340 4614 500 4685 Quamquam
522 4612 555 4668 ab
576 4613 629 4668 hac
649 4614 782 4672 sententia
802 4613 838 4672 ad
856 4613 932 4671 illam
949 4611 1042 4670 lucilia
1060 4619 1123 4668 erat
1135 4611 1281 4666 transimus.
