3150 5300
759 527 811 603 42

283 729 318 809 l)
349 731 515 813 llxplorato
541 732 664 810 quidem
696 733 774 795 hoec
802 733 904 795 omnia
934 733 1011 813 ipoie
1037 732 1194 794 veteribna
1220 729 1370 791 Israelitir

199 852 259 897 non
280 840 377 896 erant.
422 833 485 894 Sed
506 834 567 896 hoc
588 834 779 915 intelligitur,
802 836 947 897 corileti
968 854 1028 895 nou
1049 836 1194 914 potnerit,
1215 839 1251 894 ut
1272 832 1370 893 lorad-

199 937 282 999 litlce
304 936 410 1016 religio
433 936 464 996 iu
486 936 534 1009 iir,
557 957 634 1017 quoe
656 938 840 1002 Moroirmur
863 939 903 1000 de
924 940 1018 1001 reboo
1039 944 1111 1018 poet
1132 942 1268 998 mortem
1286 933 1370 996 futu·

199 1040 242 1100 rlr
264 1043 422 1112 atatuerrt,
445 1040 640 1115 consisteret,
663 1061 763 1121 neque
778 1041 817 1101 ad
831 1042 1003 1120 pleniorem
1023 1040 1162 1104 veritotir
1183 1039 1286 1100 lucem
1298 1056 1370 1116 pro·

198 1138 389 1221 proderetur.
434 1139 614 1222 Progressi«)
635 1148 738 1203 autem
760 1142 877 1202 duebur
903 1144 960 1203 viia
987 1143 1071 1203 facto
1098 1148 1156 1204 eet.
1201 1139 1371 1218 Prophetia

198 1241 312 1302 veterio
339 1241 546 1318 'l'ertrmentl,
574 1263 755 1322 quamquam
781 1244 836 1324 (ut
856 1243 924 1322 jem
950 1244 982 1302 in
1011 1244 1220 1322 superioribus
1243 1242 1371 1303 demon·

198 1348 326 1404 stratum
354 1349 417 1423 ert)
444 1346 476 1406 ln
502 1345 662 1405 Moroiami
689 1344 730 1405 de
756 1343 865 1404 inferis
894 1345 1050 1406 sententia
1079 1345 1123 1406 ite
1149 1346 1308 1419 monetet,
1337 1350 1372 1405 ut

198 1463 265 1507 eam
294 1445 503 1508 tantummodo
531 1447 700 1527 explicaret
720 1452 753 1509 et
778 1447 991 1522 confirmaret,
1019 1447 1111 1508 oimnl
1134 1451 1239 1526 tumen
1269 1446 1371 1507 divino

198 1548 308 1626 spiritu
330 1548 480 1610 illuatratu
502 1568 540 1610 eo
561 1550 718 1630 pervenit,
746 1554 780 1609 ot
802 1555 938 1611 mortuos
961 1551 999 1611 ab
1021 1550 1132 1610 inferia
1151 1547 1185 1610 in
1205 1550 1300 1609 vitam
1321 1568 1371 1609 re·

197 1656 338 1711 nocetum
361 1652 400 1711 iri
421 1652 646 1731 pronunciaret
689 1651 903 1713 Hebraeorum
924 1659 1027 1714 autem
1053 1669 1142 1713 mene
1168 1651 1200 1710 in
1227 1652 1279 1730 pie
1305 1670 1370 1712 rne-

198 1751 348 1812 ditatione
370 1752 471 1813 deliro
492 1759 526 1813 et
546 1754 614 1832 ipaa
634 1754 742 1815 conixa
762 1759 828 1829 ert,
856 1759 891 1815 ut
920 1755 1081 1834 caliginem
1108 1754 1250 1833 sepulcra
1272 1759 1306 1814 et
1326 1754 1372 1813 in·

197 1853 284 1914 feror
306 1859 466 1934 tegentem
487 1856 678 1937 dispelleret.
707 1858 750 1918 nt
771 1877 951 1938 quemquam
972 1857 1013 1917 od
1027 1856 1229 1936 ruperandum
1248 1874 1374 1917 omnem

198 1955 422 2017 dubitationem
444 1963 478 2018 et
499 1960 718 2021 obscuritrtem
746 1960 799 2020 illu
820 1959 886 2020 aola
906 1978 967 2019 non
993 1958 1132 2033 suffecit,
1160 1977 1261 2036 neque
1283 1976 1373 2036 rpem

198 2058 325 2139 gignere
347 2060 449 2136 valuit,
472 2080 550 2141 quae
571 2063 688 2123 animur
703 2068 806 2123 certor
821 2082 857 2122 ac
872 2062 1068 2122 confirmatos
1087 2059 1244 2134 redderet,
1266 2065 1374 2121 tumen

198 2161 317 2240 piorum
340 2182 409 2223 cum
424 2163 489 2224 lleo
506 2165 753 2244 conjunctionem
775 2164 994 2243 sempiternum
1014 2162 1084 2223 fore
1105 2181 1164 2222 nec
1185 2167 1286 2221 morte
1309 2162 1372 2222 die

198 2264 384 2340 eolrendam,
406 2265 541 2327 feliciter
563 2272 612 2327 eat
633 2273 785 2347 auguratu.
816 2268 901 2343 Quae
923 2267 1025 2326 omnia
1045 2266 1078 2326 in
1103 2266 1201 2326 alteru
1223 2269 1256 2325 et
1279 2265 1374 2325 tertie

198 2366 290 2449 hujus
313 2367 531 2447 disputationis
553 2374 641 2447 perte
664 2375 881 2449 exponentur„

635 2593 937 2604 ——q——n-

762 2792 820 2909 ΙΙ.

285 3003 405 3080 Tutior,
428 3023 506 3083 quoe
517 3000 589 3063 vet.
605 3001 807 3063 Testomeuto
830 3001 1013 3080 continetur,
1035 2994 1217 3084 prophetice
1238 3003 1300 3063 hoo
1322 3012 1374 3067 eat

200 3106 377 3183 consilium,
403 3112 439 3167 ut
465 3104 575 3184 regni
602 3105 740 3179 divini,
770 3105 852 3184 quod
872 3105 904 3165 in
931 3106 1054 3168 terris
1081 3110 1145 3179 eet,
1173 3105 1373 3166 ordinemne

199 3209 363 3270 decureum
385 3209 536 3283 illustret,
558 3207 754 3286 fetorumque
776 3208 843 3288 ejus
865 3227 974 3268 cronno
994 3206 1170 3288 patefaciet.
1214 3203 1292 3263 Sunt
1313 3203 1371 3282 igi-

198 3318 266 3389 tur,
293 3331 370 3391 quoe
397 3311 568 3390 prophetoe
595 3309 635 3370 de
663 3315 896 3370 mortuorum
923 3305 1217 3370 rerurrectione
1245 3304 1371 3382 docent,

199 3404 362 3497 conjuncte
384 3433 452 3474 cum
467 3411 676 3492 praedictione
689 3400 801 3483 ¹rernm
822 3413 854 3475 in
875 3431 981 3494 regno,
994 3409 1094 3479 divino
1115 3407 1258 3479 terrestri
1279 3427 1372 3468 even-

199 3521 346 3578 turamm.
391 3514 480 3592 Quod
502 3514 697 3594 perspicuum
717 3514 783 3590 det,
805 3515 859 3575 ubl
879 3516 1021 3595 primum,
1043 3532 1062 3576 e
1082 3511 1194 3593 quibus
1212 3509 1373 3590 principiis

199 3618 252 3681 illo
272 3618 414 3680 doctrine
435 3617 594 3680 exordium
616 3617 753 3693 duxerit,
776 3617 1017 3697 exposuerimus.
1056 3603 1063 3614 ⁸
1094 3700 1098 3707 .

754 3786 870 3857 n,

224 3956 230 3967 ·
287 3943 395 4005 Omnia
417 3942 582 4024 prophetia
603 3976 644 3989 -
666 3941 760 4023 quid‘l
780 3939 923 4003 universo
943 3956 1030 3999 sucro
1051 3933 1201 4014 scripture
1222 3941 1256 3998 et
1277 3934 1373 3999 Vete-

199 4046 241 4108 rit
263 4051 296 4107 et
317 4045 395 4107 Novi
416 4045 609 4106 Testamenti
628 4044 662 4104 in
682 4044 743 4105 hoc
764 4040 932 4118 consentit,
960 4037 1042 4120 quod
1068 4037 1174 4118 populi
1200 4038 1372 4115 lerodlitici,

199 4306 232 4348 re
252 4287 392 4348 duorum
417 4283 477 4345 illis
506 4318 551 4331 -
577 4301 649 4344 non
674 4281 781 4343 oobtr
807 4281 877 4341 red
900 4277 1011 4340 telier
1060 4279 1174 4341 linxine
1198 4281 1372 4344 memorabile

199 4377 320 4446 ridetur,
348 4373 420 4446 quod
446 4375 476 4430 fl.
497 4374 649 4431 lienum
673 4371 701 4428 b.
723 4371 785 4427 lor.
814 4386 850 4429 ex
869 4369 956 4427 Exod.
979 4363 1010 4439 3,
1033 4362 1063 4425 6.
1086 4367 1167 4427 traxit
1187 4373 1372 4440 argumentum

201 4461 266 4535 (rid.
288 4459 426 4519 Wctrtein
447 4459 481 4516 ud
501 4459 592 4515 lietth.
615 4451 666 4527 22,
689 4446 752 4528 32).
789 4453 843 4515 Sed
864 4455 948 4512 verba
968 4454 1025 4526 elus
1047 4471 1107 4519 oum
1120 4464 1252 4535 ,sermone
1272 4450 1373 4513 durari

199 4547 237 4605 itu
259 4546 442 4617 consentiunt,
471 4552 500 4603 ut
525 4549 601 4602 recte
623 4541 745 4613 indicere
766 4540 920 4614 videantur,
948 4539 995 4616 qul
1021 4539 1065 4603 illu
1087 4556 1128 4603 ex
1154 4539 1215 4601 loc·
1230 4537 1370 4612 deproutr

196 4649 263 4691 em
282 4638 404 4691 censent.
1224 4634 1227 4639 '
