3150 5300
792 508 843 580 55

222 717 393 773 aeternum
415 711 447 771 in
469 711 550 771 0roo
572 711 704 771 inclusas
727 712 887 790 perpetuis
909 711 1015 790 poeuis
1038 709 1183 771 affectum
1205 711 1243 769 iri
1267 707 1335 787 109).
1357 742 1399 753 -

222 814 351 875 Eadem
372 813 491 875 ratione
511 814 594 873 inter
614 813 805 891 posteriores
827 812 958 874 Judaeos
980 812 1143 891 theologos
1170 812 1281 871 multos
1299 812 1399 892 justo-

224 937 296 977 rum
311 921 432 975 tautum
446 914 705 976 resurrectionem
720 914 854 974 futuram
869 915 1022 989 docuisse,
1045 919 1172 994 apparet
1193 933 1230 974 ex
1250 912 1299 987 iis,
1322 932 1400 990 quae

225 1018 444 1080 Dassovius
467 1015 667 1097 (Judoeorum
688 1016 728 1076 de
748 1023 904 1076 resurrect.
920 1022 1004 1076 mort.
1020 1023 1091 1076 sent.
1113 1036 1143 1095 p.
1165 1012 1208 1077 33
1222 1017 1314 1095 sqq.),
1336 1011 1400 1072 Po·

228 1122 350 1183 eoclue
373 1124 447 1191 (not
469 1120 552 1178 misc.
575 1125 635 1180 etc.
658 1140 688 1199 p.
715 1115 776 1179 170
791 1122 882 1199 squ),
905 1120 1185 1197 Eiseumenger
1206 1118 1240 1199 (l.
1263 1137 1289 1178 e.
1311 1115 1349 1176 Τ.
1363 1113 1399 1174 11.

227 1244 261 1305 p.
282 1218 349 1284 904
364 1231 445 1300 εοιμ
469 1225 700 1301 congesserunt.
735 1222 784 1281 Ad
807 1242 895 1300 quam
918 1222 1102 1282 seutentiam
1123 1219 1309 1300 probandam
1329 1235 1401 1296 quo-

232 1324 327 1385 modo
345 1323 447 1403 ipsum
469 1324 605 1384 Danielis
627 1323 711 1403 (Xll,
733 1320 773 1401 2)
795 1324 897 1385 locum
919 1323 1136 1399 converterint,
1159 1340 1346 1402 cognoscere
1367 1318 1402 1378 li-

237 1432 288 1488 cet
318 1447 358 1488 ex
391 1427 428 1486 R.
458 1426 623 1486 Saadiae
656 1427 912 1506 interpretatione
944 1426 1123 1507 (Pocock.
1155 1426 1175 1486 l.
1205 1445 1232 1485 c.
1265 1444 1296 1503 p.
1324 1418 1402 1500 38):

232 1511 374 1606 τιὸ-σιω
399 1514 522 1607 bauo*
547 1541 623 1601 *aa
640 1542 762 1604 nuno
786 1543 814 1607 u
837 1541 926 1646 up·
943 1539 1022 1611 ων
1039 1541 1150 1602 nora
1167 1539 1277 1601 rann
1295 1534 1402 1601 nun

233 1610 373 1706 aaran&
398 1643 472 1705 nu
496 1643 580 1708 rna
661 1641 760 1711 runo
785 1644 839 1705 nu
864 1641 958 1734 rrpr
981 1610 1066 1707 abu
1089 1609 1182 1705 aba
1206 1609 1300 1708 auu
1324 1605 1401 1703 ”ub

233 1711 443 1811 :run-525
468 1744 569 1831 part
594 1745 667 1808 rm
694 1742 798 1808 nunu
824 1712 879 1809 Su
903 1747 1077 1807 urrunnu
1122 1730 1321 1808 Perspicuum
1343 1732 1402 1802 est,

231 1832 379 1894 Stadium
406 1833 548 1893 ultimum
566 1834 713 1894 uersiculi
741 1835 912 1894 membrum
937 1835 981 1894 ita
1007 1834 1044 1893 ab
1068 1831 1319 1893 antecedentibus
1342 1830 1402 1889 dis-

225 1935 380 2017 junxisse,
402 1940 436 1995 ut
457 1936 611 1995 sententia
633 1935 814 1996 exsisteret:
836 1934 1008 1996 otiantem
1029 1937 1088 2015 (sc.
1110 1936 1141 1994 in
1157 1933 1297 2014 Geenna)
1320 1937 1406 1992 οναιιί

228 2035 345 2117 probro
367 2043 429 2098 etc.
473 2039 558 2115 Quae
579 2039 809 2118 interpretatio,
841 2038 1004 2098 manifesto
1026 2037 1118 2113 falsa,
1148 2057 1219 2097 num
1237 2038 1301 2117 jaro
1324 2033 1404 2114 apud

233 2140 423 2218 antiquiores
443 2140 577 2201 ludaeos
598 2147 748 2218 occurrat,
771 2141 916 2220 equidem
938 2140 1128 2220 exploratum
1150 2159 1210 2199 nou
1231 2139 1343 2199 habeo.

322 2373 396 2456 109)
418 2383 557 2456 loseph.
580 2385 643 2441 Ant.
666 2384 761 2455 XVlll,
786 2378 814 2440 l.
838 2388 856 2452 §
879 2378 908 2439 3.
931 2379 1098 2451 ,,Ἀθσίνσιτόν
1120 2403 1148 2437 τε
1171 2378 1252 2450 ίσχών
1272 2386 1333 2440 ταῖς
1348 2391 1403 2448 ψο-

234 2473 299 2538 χαῖς
324 2470 414 2528 πίστις
440 2465 538 2529 αὐτοῖς
560 2466 634 2524 εἶναι
662 2468 709 2523 καί
731 2466 788 2524 tat
810 2465 914 2537 χθονὸς
940 2466 1093 2529 δικαιώσεις
1110 2487 1147 2530 ,τε
1171 2467 1218 2521 καί
1239 2468 1332 2536 τιμὰς,
1362 2463 1404 2525 οἷς

235 2553 339 2621 ἀρετῆς
359 2548 377 2622 ἢ
400 2557 499 2614 κακίας
520 2553 694 2624 ἐπιτήδευσις
708 2553 738 2610 ἐν
753 2558 790 2627 τῷ
803 2555 853 2627 βίῳ
868 2553 979 2624 γέγονε·
1003 2552 1051 2608 καί
1071 2558 1147 2613 ταῖς
1169 2551 1231 2621 μὲν
1254 2549 1404 2621 είργμὶιν

235 2638 357 2694 urum
377 2643 661 2708 προςτίθεσθαι,
683 2645 762 2701 ταῖς
783 2638 817 2695 δὲ
840 2634 1021 2712 ῥαστώνην
1042 2641 1078 2696 rai
1099 2637 1278 2709 σίναβιῦν.“
1300 2669 1340 2678 -
1363 2635 1401 2691 ld.

234 2724 301 2780 bell.
319 2724 377 2794 jud.
395 2727 441 2802 Ill,
464 2721 493 2781 8.
518 2720 567 2781 ld.
596 2723 717 2795 ,,ψοχὴν
738 2730 832 2780 πᾶσαν
853 2725 905 2796 μὲν
926 2722 1091 2795 ἄφθαρτον,
1113 2726 1291 2795 μεταβαίνειν
1313 2721 1342 2777 δὲ
1366 2722 1404 2781 εἰς

233 2810 335 2877 ἕτερον
356 2814 434 2880 σῶμα
455 2809 507 2880 τὴν
528 2813 581 2865 τών
602 2806 717 2882 ἀγαθῶν
739 2811 839 2881 μόνην,
860 2812 912 2882 τὴν
933 2811 962 2867 δὲ
985 2805 1101 2879 φαώλων
1122 2807 1203 2884 σἰῖθίρο
1224 2811 1341 2881 τιμωρίᾳ
1359 2826 1404 2861 κο-

234 2895 402 2969 rupturam
416 2926 458 2937 -
478 2895 634 2953 Pharisaeos
649 2896 851 2970 Pythagoricum
873 2895 1086 2967 μετεμψύχωσιν
1106 2895 1242 2963 statuisse,
1264 2908 1405 2965 perperam

234 2979 357 3060 nonnulli
378 2980 425 3052 (cl.
448 2997 474 3036 e.
496 2999 525 3053 g.
548 2983 601 3037 Tb.
624 2981 781 3053 Godwiu,
803 2983 893 3037 lloses
915 2983 1053 3038 etheron
1078 2975 1168 3036 1694.
1192 2998 1219 3052 p.
1242 2975 1292 3034 80.
1317 2983 1344 3032 et
1358 2976 1404 3048 ul.)

234 3065 358 3123 arbitrati
379 3071 449 3121 suut.
481 3097 519 3106 —-
548 3067 612 3122 Cum
633 3067 831 3122 Pharisaeorum
859 3067 979 3123 doctriua
1006 3067 1061 3123 noli
1084 3065 1245 3120 confundere
1272 3062 1404 3136 propriam

189 3144 195 3152 ’
238 3152 355 3224 Josephi
377 3151 549 3222 sententiam,
577 3169 653 3224 quam
675 3147 701 3207 b.
715 3147 787 3229 jud.
810 3152 856 3222 lll,
879 3148 908 3207 8.
933 3149 961 3207 5.
985 3151 1123 3224 exposuit,
1153 3151 1257 3222 quicum
1278 3149 1340 3205 loco
1363 3165 1404 3217 ea,

238 3253 306 3308 quae
334 3231 360 3291 b.
373 3233 447 3313 jud
474 3237 539 3307 Vll,
563 3233 592 3293 8.
616 3232 645 3293 7.
674 3238 827 3293 Eleazarum
854 3238 1008 3294 sicariorum
1036 3237 1130 3292 ducem
1157 3236 1309 3307 loquentem
1331 3232 1404 3302 iacit,

197 3336 203 3363 a
241 3321 424 3392 conjungenda
445 3321 577 3379 videntur.
621 3322 693 3378 llaec
715 3323 822 3379 omuino
845 3321 970 3378 Graecam
993 3322 1148 3394 sapientiam
1170 3321 1305 3390 redolent,
1333 3317 1404 3389 quod

243 3404 301 3476 ipse
321 3405 455 3480 Josepbus
476 3408 503 3470 h.
523 3408 580 3477 jud.
603 3409 654 3477 lll,
678 3403 707 3462 8.
732 3406 761 3463 5.
790 3408 950 3479 significavit
978 3407 1085 3477 diceus,
1113 3423 1143 3462 se
1166 3407 1193 3462 in
1214 3406 1258 3461 illa
1285 3404 1405 3461 oratioue

241 3489 454 3564 philosophatum
477 3509 547 3548 esse.
563 3523 606 3532 -
626 3493 760 3564 Josepbus
782 3501 884 3564 censet,
907 3493 1017 3549 mortale
1032 3508 1130 3564 corpus
1143 3491 1219 3548 oneri
1233 3507 1295 3546 esse
1309 3489 1406 3558 animo,

239 3582 362 3648 tanquam
383 3577 489 3649 pondus
516 3577 624 3633 eumin
646 3585 741 3634 terram
764 3578 922 3649 detrahens,
949 3579 1118 3649 quamobrem
1146 3573 1279 3646 συμφορὰ
1300 3575 1330 3630 τὸ
1354 3579 1406 3648 ζῆν

239 3660 313 3717 ἐστιν
334 3657 497 3732 σίνθρώποις
518 3661 561 3730 §xl
582 3662 707 3723 θάνατος
727 3664 796 3733 (Vll,
813 3659 841 3719 8.
859 3658 911 3735 7.),
934 3680 1000 3735 quae
1023 3663 1154 3718 sententia
1175 3681 1191 3718 a
1212 3660 1328 3735 genuino
1348 3661 1406 3715 lle-

240 3747 356 3802 braismo
377 3753 420 3803 est
441 3747 609 3803 alienissima.
654 3749 761 3805 Solutus
783 3765 897 3821 corpore
918 3749 1040 3821 pervenit
1061 3749 1161 3804 animus
1184 3749 1223 3808 als
1238 3749 1285 3804 τὸν
1300 3748 1407 3801 οἰκεῖον

201 3823 205 3832 ’
241 3829 289 3884 καί
311 3827 440 3899 καθαρὸν
461 3831 548 3888 τόπον
571 3833 670 3906 (ibid),
693 3838 781 3902 χῶρον
804 3831 888 3902 §aaut
911 3835 959 3891 τὸν
981 3829 1131 3903 ἁγιώτατον
1153 3833 1221 3908 (Ill,
1244 3830 1272 3888 8.
1297 3829 1325 3886 5.
1354 3829 1405 3900 Οἱ,

242 3931 311 3987 quae
325 3914 458 3986 Josepbus
472 3919 646 3974 Abrahamum
669 3936 727 3975 cum
748 3920 840 3976 lsaaco
861 3920 1013 3990 loquentem
1035 3919 1100 3976 facit
1120 3920 1183 3975 Ant.
1202 3915 1229 3988 l,
1247 3912 1295 3972 13.
1313 3912 1331 3970 3
1349 3917 1407 3983 hrt.)

235 3998 342 4056 Ἔνθεν
365 3998 419 4071 (ex
440 4003 557 4075 coelo)
581 4003 611 4058 ίκ
633 4007 804 4074 περιτροπῆς
825 4004 931 4060 αἰώνων
952 4003 1048 4074 ἁγνοῖς
1069 4001 1152 4059 πάλιν
1174 4003 1407 4073 ἀντενοικίζονται

244 4081 375 4152 σώμασιν.
399 4083 452 4157 (Cf.
475 4104 498 4142 ο.
515 4089 611 4162 Apion.
634 4091 666 4159 ll,
690 4086 762 4159 38).
785 4121 828 4131 -
851 4091 935 4157 Quum
956 4091 1090 4163 Josepbus
1111 4090 1147 4144 ita
1169 4089 1332 4161 graecissct,
1355 4104 1408 4141 ve-

243 4167 354 4225 risimile
376 4177 433 4240 est,
461 4189 536 4244 eum,
565 4175 610 4230 ubi
631 4174 830 4230 Pharisaeorum
852 4176 1008 4231 sententiam
1031 4175 1065 4229 de
1087 4174 1180 4229 animis
1203 4191 1242 4228 ex
1270 4172 1358 4228 Orco
1382 4174 1407 4227 iu

243 4271 357 4327 corpora
377 4256 502 4313 redituris
524 4261 644 4331 exponit,
666 4277 722 4314 rem
744 4277 778 4316 eo
801 4261 880 4317 modo
903 4260 1082 4333 expressisse,
1105 4276 1158 4331 quo
1174 4257 1332 4315 Graecorum
1347 4258 1408 4312 lec-

241 4348 329 4398 torum
350 4340 452 4398 animos
473 4360 564 4415 parum
585 4346 742 4402 offenderet.
787 4346 977 4416 Ounnobrem,
1005 4362 1071 4417 quae
1092 4346 1192 4402 Novum
1215 4346 1408 4399 Testamentum

204 4486 208 4492 ,
242 4424 497 4569 σοσθέαἱὶσοτοιιιω
519 4430 639 4487 doctrina
661 4430 750 4500 tradit,
773 4449 809 4488 ex
829 4432 948 4505 Josepbo
971 4448 1058 4502 nequa
1079 4431 1213 4504 redargui,
1236 4444 1322 4499 oeque
1343 4444 1408 4484 cor-

242 4529 295 4584 ugr
336 4529 351 4568 e
371 4518 425 4568 ent.
