3150 5300
737 525 789 601 37

171 734 210 792 et
230 729 330 790 multo
350 729 554 808 praestantior
574 735 642 791 erat
663 728 735 792 Vct.
757 731 953 794 Testamenti
979 733 1148 809 sententia,
1176 754 1255 814 quac
1282 736 1346 798 ani·

171 852 260 893 mum
286 832 450 893 humanum
477 851 538 892 non
564 833 625 892 vim
651 835 836 909 naturalem,
864 835 921 895 sed
947 835 1009 895 vim
1036 835 1167 896 divinam
1190 855 1261 897 esre
1289 837 1343 898 do·

172 935 241 996 cuit
261 930 322 1015 ⁷⁴),
357 937 555 1014 quamobrem
582 936 700 996 animus
727 955 790 996 non
815 956 872 1015 per
900 937 1148 998 communitatem
1184 939 1345 1016 quandam,

172 1056 266 1117 quam
286 1036 385 1097 habet
406 1057 475 1097 cum
498 1056 643 1117 corpore,
665 1038 722 1098 scd
743 1058 801 1116 per
822 1057 907 1098 suam
928 1039 1025 1118 ipsius
1046 1041 1237 1119 spiritualem
1258 1047 1345 1102 natu-

171 1159 241 1200 ram
267 1139 299 1198 in
323 1138 406 1199 Orco
432 1145 536 1201 manet
562 1146 653 1218 atque
683 1141 781 1203 durat.
826 1141 875 1201 Ex
896 1140 969 1201 Vet.
991 1139 1185 1203 Testamenti
1207 1143 1346 1203 doctrina

172 1261 249 1301 vcra
269 1242 422 1303 sententia
450 1242 489 1303 de
516 1243 747 1330 immortalitate
775 1243 868 1303 animi
896 1243 997 1324 potuit
1023 1244 1196 1324 proficisci,
1224 1265 1263 1307 ex
1283 1245 1345 1308 Ac·

178 1343 349 1423 gyptiorum
370 1342 532 1424 disciplina
553 1365 614 1405 non
636 1346 747 1425 potuit.

259 1652 385 1726 Restat,
413 1657 449 1711 ut
474 1651 506 1711 in
528 1671 564 1711 ea
585 1651 788 1730 inquiramus,
817 1652 926 1731 quibus
954 1652 1092 1713 nonnulli
1119 1653 1152 1712 in
1173 1652 1343 1713 Mosaismo

171 1755 325 1816 occultam
348 1759 494 1815 aeternae
514 1754 596 1814 vitae
618 1773 705 1834 spem
727 1754 856 1814 indicari
879 1756 996 1835 opinati
1017 1760 1098 1821 sunt.

261 1854 295 1934 l)
317 1856 468 1935 imprimis
490 1857 690 1917 memorabile
712 1875 837 1936 semper
857 1857 995 1917 habitum
1017 1863 1082 1933 est,
1104 1857 1186 1937 quod
1209 1857 1288 1917 (len.
1310 1852 1342 1931 5,

171 1956 226 2020 24.
249 1959 290 2019 dc
310 1958 486 2019 Henoclri
508 1960 592 2019 exitu
613 1963 768 2019 narratum
791 1965 848 2019 est.
892 1959 970 2019 Nam
993 1980 1085 2038 quum
1106 1961 1285 2019 immaturus
1300 1955 1342 2018 vi-

172 2068 227 2123 tae
247 2062 336 2137 linis,
364 2063 416 2140 qui
438 2062 512 2121 alias
533 2062 564 2121 in
587 2062 713 2121 surnmis
736 2062 823 2121 malis
845 2062 981 2137 ducitur,
1009 2062 1160 2122 Henocho
1182 2081 1201 2120 a
1221 2062 1287 2121 Deo
1308 2064 1344 2119 ut

173 2163 343 2242 praemium
373 2162 475 2223 datum
503 2164 545 2223 sit
571 2182 627 2242 pro
655 2164 787 2241 pietate,
815 2164 1067 2225 verisimillimum
1093 2163 1229 2236 videtur,
1256 2162 1343 2223 illum

172 2285 235 2326 non
250 2266 281 2326 in
296 2267 418 2325 tristem
433 2265 557 2341 Orcum,
580 2266 637 2325 sed
660 2266 691 2325 in
713 2266 806 2325 vitam
827 2267 950 2327 beatam
973 2268 1142 2328 coelestem
1160 2284 1230 2326 esse
1244 2270 1342 2324 trans·

172 2370 269 2429 latum
290 2364 340 2445 ⁷⁶).
385 2369 470 2445 Quae
492 2368 646 2429 sententia
667 2368 745 2427 milri
766 2388 887 2448 quoque
908 2369 1026 2447 placet,
1054 2368 1189 2447 quamvis
1211 2385 1342 2445 prooe-

173 2471 309 2533 cessaria
329 2471 438 2532 haberi
460 2490 521 2530 non
542 2471 658 2549 possit,
680 2471 718 2545 si,
741 2490 820 2549 quae
842 2490 933 2531 causa
954 2472 1050 2532 fuerit
1070 2471 1168 2531 exitus
1190 2468 1343 2539 Henoclri

174 2573 350 2654 diligentius
373 2573 624 2654 consideraveris.
667 2573 757 2633 Haud
779 2573 872 2635 dubie
895 2580 1001 2635 auctor
1021 2574 1092 2634 libri
1114 2573 1184 2653 Sap.
1208 2572 1270 2635 Sol.
1291 2566 1341 2649 (4,

174 2674 305 2744 7-15)
326 2673 368 2755 76)
388 2682 477 2738 recte
494 2677 655 2757 judicavit,
676 2676 860 2738 chochum
882 2697 900 2737 a
919 2677 987 2738 Deo
1008 2683 1173 2756 propterea
1195 2694 1265 2736 esse
1288 2674 1340 2734 ab·

172 2779 283 2853 latum,
310 2778 393 2857 qaod
414 2798 453 2839 ex
473 2779 630 2838 hominum
653 2779 769 2839 malitia
789 2784 823 2839 et
842 2779 924 2841 ritae
945 2780 1103 2840 terrestris
1126 2778 1250 2839 miseria
1271 2794 1342 2837 eum

172 2883 296 2962 eripere
322 2881 426 2941 vellet.
476 2880 554 2940 Nam
580 2880 659 2941 haec
688 2881 843 2943 sententia
869 2881 1183 2942 accommodatissima
1216 2884 1265 2940 cst
1291 2878 1341 2953 iis,

128 3026 133 3032 -
172 3004 251 3064 quae
272 2983 411 3063 proxime
426 2989 603 3062 sequuntur,
626 2990 660 3043 et
681 2983 765 3043 dicto
786 2983 936 3044 Lamechi
957 2980 1002 3063 (5,
1017 2980 1084 3062 29.)
1107 2983 1245 3044 miserias
1268 2999 1340 3060 que·

170 3086 281 3162 rantis,
303 3086 336 3146 in
358 3084 467 3164 quibus
489 3086 630 3145 homines
652 3085 683 3145 in
705 3090 790 3147 terra
811 3106 828 3145 a
850 3087 916 3147 Deo
938 3090 1096 3146 exsecrata
1115 3089 1286 3157 versentur,
1308 3087 1342 3142 et

171 3188 343 3250 crescentis
371 3188 505 3248 malitiae
532 3187 747 3267 descriptioni,
778 3208 867 3267 quam
896 3188 930 3248 C.
953 3184 982 3248 6.
1011 3188 1147 3251 exhibet.
1197 3187 1242 3246 lta
1267 3202 1341 3245 vero

171 3291 315 3351 Henochi
337 3291 436 3351 exitus
457 3309 514 3371 pro
534 3290 660 3370 pietatis
681 3291 818 3370 praemio
840 3291 948 3357 haberi
969 3290 1080 3371 potuit,
1102 3289 1222 3351 etiamsi
1243 3287 1288 3347 vir
1309 3285 1341 3346 in

174 3391 267 3450 vitam
292 3392 459 3455 coelestem
488 3394 652 3453 translatus
680 3412 740 3453 non
768 3393 889 3455 inisset.
933 3392 1011 3452 Nam
1038 3393 1231 3452 immaturam
1259 3407 1339 3449 mor-

173 3497 248 3568 tem,
271 3500 450 3575 quamquam
470 3515 528 3575 per
548 3513 583 3555 se
605 3495 824 3571 tristissimam,
845 3494 1000 3557 interdum
1019 3494 1052 3554 in
1066 3494 1154 3556 molis
1169 3490 1339 3554 ducendam

255 3700 310 3775 74)
331 3704 394 3761 vil.
417 3703 541 3760 Wilsii
561 3705 729 3778 Aegyptiace
751 3722 778 3777 p.
804 3699 880 3774 178,
904 3712 932 3761 ot
952 3720 1019 3775 quae
1041 3702 1080 3759 ibi
1100 3702 1238 3759 laudantur
1258 3701 1339 3783 verbo

171 3790 315 3846 Eusebii
335 3786 440 3862 (praep.
456 3806 498 3846 ev.
514 3790 560 3860 lll,
576 3785 644 3854 tn:
667 3788 700 3860 „i
724 3789 774 3858 μὲσ
796 3810 827 3859 γε
849 3793 955 3860 Μωσῆς
976 3793 1084 3857 πρῶτος
1098 3784 1244 3845 ἀθάναται
1259 3783 1340 3843 ictuc

172 3871 249 3930 εἶναι
274 3873 326 3943 τὴν
347 3874 378 3930 ἐν
399 3872 542 3948 ἀνθρώπῳ
569 3872 665 3944 ψυχὴν
692 3873 810 3944 ὡρίσατο
816 3917 825 3945 ,
854 3869 950 3930 slcdvc
977 3869 1070 3942 φήσας
1091 3868 1228 3942 ὑπάρχειν
1249 3868 1340 3942 αὐτὴν

169 3962 257 4016 θσῦ.“
299 3958 341 4014 cf.
362 3959 472 4016 Vatiae
493 3961 512 4016 l.
536 3977 561 4016 o.
583 3979 610 4033 p.
634 3955 707 4016 697.

255 4072 312 4154 75)
333 4076 373 4132 lta
390 4077 445 4147 jam
465 4078 548 4135 Sirac.
574 4074 622 4148 49,
648 4074 696 4133 ll.
720 4076 785 4146 „ool
808 4075 849 4138 εἷς
870 4075 986 4147 ἐκτίσθη
1007 4066 1123 4137 οἷος-
1137 4071 1218 4144 Ἑνὼχ
1235 4078 1356 4144 σσιιῑσσσΙ

172 4159 221 4218 tut
240 4164 289 4234 τῆς
308 4156 368 4233 γῆς,
390 4163 437 4219 καὶ
458 4165 511 4234 γὰρ
533 4160 618 4225 αὐτὸς
639 4160 790 4233 ἀνελήφθη
813 4160 869 4222 dard
891 4169 941 4234 τῆς
962 4164 1040 4233 γῆς.“
1083 4162 1123 4216 Ex
1144 4161 1339 4218 recentioribus

169 4246 504 4408 1σῖ.Ισέὅς.θι11ησ1ιιΙισιιίἰ
526 4256 666 4307 comment.
688 4249 707 4305 l.
731 4265 755 4304 c.
777 4267 805 4322 p.
822 4243 885 4306 227
899 4266 951 4322 ιιι,
974 4246 1092 4303 Tuolrii
1114 4246 1213 4304 Comm.
1229 4247 1257 4302 in
1270 4245 1335 4302 (lou.

256 4446 600 4520 76)1³seud0sa10m0nem
621 4455 674 4510 lroo
695 4454 767 4523 loco,
791 4452 911 4526 momnis
931 4451 1052 4511 Henochi
1073 4467 1170 4508 nomen
1191 4466 1244 4506 noa
1260 4465 1338 4506 com-

170 4543 316 4607 uanomt,
337 4543 426 4593 umen
447 4538 577 4593 neminem
600 4538 677 4594 alium
698 4539 726 4596 in
747 4545 836 4594 mente
858 4537 998 4608 habaima,
1021 4553 1099 4593 nemo
1122 4551 1174 4593 non
1196 4536 1336 4594 concedet.

170 4620 214 4681 cl.
235 4620 376 4694 drino,
399 4638 494 4679 comm.
516 4622 544 4678 in
565 4622 612 4679 lib.
635 4623 697 4700 Sap.
720 4642 748 4700 p.
772 4618 833 4680 lli
850 4639 893 4697 sq.
