3150 5300
750 524 801 600 82

197 736 377 812 experturos
400 749 480 793 esse.
525 729 630 808 Quod,
659 730 718 790 nisi
739 730 778 791 in
806 730 876 791 bac
901 736 1008 792 terra
1029 731 1129 793 Deum
1157 732 1369 812 appariturum

197 852 268 896 esse
290 834 444 914 sperabat,
468 833 573 894 dicere
594 853 655 893 non
676 833 777 913 potuit
799 830 870 911 ¹⁶¹).

280 936 454 1014 Utcumque
476 954 511 997 se
532 954 584 996 res
606 937 711 1012 babet,
733 938 794 997 boc
817 955 855 996 ex
875 935 942 1015 ipsa
957 955 1063 998 eorum
1077 937 1221 1013 omnium,
1244 935 1285 996 de
1302 938 1367 1015 qui-

197 1038 255 1099 bus
282 1040 430 1099 hactenus
458 1037 674 1116 disseruimus,
702 1039 839 1099 locorum
866 1038 1067 1117 ambignitate
1093 1038 1224 1118 intelligi
1251 1043 1367 1117 potest,

197 1140 316 1201 firmam
339 1146 515 1220 certamque
537 1159 624 1221 spem
647 1142 757 1202 beatae
779 1141 1018 1201 immortalitatis
1040 1141 1108 1219 pios
1129 1142 1185 1201 sub
1209 1138 1284 1201 Vet.
1306 1141 1368 1201 Te-

152 1289 155 1296 .
198 1248 351 1304 stameuto
380 1262 531 1322 nunquam
552 1244 675 1305 fovisse.
719 1243 773 1303 Fit
794 1243 964 1317 interdum,
990 1247 1026 1302 ut
1046 1243 1097 1302 lux
1119 1248 1265 1303 aeternae
1286 1243 1369 1304 vitae

198 1346 236 1406 iis
258 1346 417 1426 affulgeat3
439 1352 504 1406 tum
526 1346 643 1406 animus
666 1365 772 1407 eorum
795 1345 927 1425 assurgit
948 1349 982 1405 et
1001 1345 1178 1405 sublimiora
1192 1345 1368 1424 loquuntur,

198 1466 287 1526 quam
310 1449 438 1527 quaein
460 1448 660 1511 Mosaismum
691 1448 850 1529 quadrent.
894 1447 1055 1526 Nunquam
1079 1466 1153 1509 vero
1174 1447 1266 1526 plane
1286 1448 1368 1509 tolli-

197 1556 249 1611 tur
269 1570 371 1612 rerum
393 1557 465 1631 post
486 1557 618 1613 mortem
638 1551 808 1612 suturarum
823 1550 1004 1626 obscuritas,
1026 1568 1127 1629 neque
1142 1550 1286 1611 evellitur
1300 1569 1368 1611 acu-

198 1653 275 1728 leus,
298 1654 350 1732 qui
371 1652 489 1714 fodicet
511 1654 643 1727 animos3
666 1672 818 1732 nunquam
831 1669 940 1713 revera
954 1657 1145 1732 superantur,
1167 1671 1247 1731 quae
1261 1658 1370 1714 vetere

199 1755 360 1835 disciplina
380 1756 519 1816 Mosaica
547 1755 587 1816 de
615 1755 782 1816 animarum
809 1754 842 1814 in
869 1754 951 1816 Orco
978 1754 1163 1815 versantium
1191 1754 1369 1816 conditione

199 1857 312 1917 tradita
334 1861 431 1916 erant.

756 2027 807 2100 0.

286 2164 375 2241 Quod
398 2164 488 2244 plane
509 2165 705 2245 perspicuum
727 2165 765 2226 flt
786 2186 825 2227 ex
847 2165 925 2225 libro
947 2164 1159 2239 Kobeleth,
1182 2164 1250 2243 qui,
1279 2183 1369 2246 quum

200 2266 374 2327 luculenter
395 2266 515 2341 doceat,
538 2266 611 2346 quid
633 2267 689 2327 sub
712 2265 784 2328 Vct.
807 2266 1010 2328 Testamenta
1031 2285 1119 2327 mens
1140 2268 1273 2327 bumana
1289 2287 1370 2328 asse·

201 2368 252 2447 qni
273 2388 334 2428 non
355 2370 505 2449 potuerit,
536 2370 622 2449 quasi
644 2369 820 2449 negativa
847 2369 895 2429 via
917 2367 989 2430 Vet.
1012 2369 1205 2430 Testamenti
1235 2369 1371 2449 discipli·

200 2461 424 2532 namabsolvit.
445 2472 556 2533 -De
578 2472 668 2552 hujus
691 2477 793 2532 autem
815 2470 887 2532 libri
909 2471 1036 2532 consilio
1059 2476 1092 2532 et
1113 2475 1295 2551 argumento
1310 2477 1370 2532 tam

201 2573 298 2634 varim
327 2592 398 2634 ease
425 2578 545 2635 constat
571 2575 775 2654 interpretum
805 2578 838 2634 et
858 2578 922 2633 tam
950 2572 1162 2654 discrepantes
1190 2574 1369 2648 sententias,

201 2682 252 2751 ut,
280 2696 372 2756 quum
393 2677 445 2737 alii
465 2676 655 2737 reconditam
679 2676 827 2756 quandam
851 2683 884 2736 et
905 2677 1086 2755 exquisitam
1108 2677 1292 2756 sapientiam
1312 2677 1368 2738 Ilic-

202 2778 364 2838 clesiastae
386 2778 565 2853 tribuerint,
593 2779 645 2839 alii
666 2779 798 2858 vulgaris
819 2779 1040 2858 Epicureismi‚
1063 2778 1239 2854 Fatalismi‚
1267 2778 1368 2859 etqui

203 2886 274 2941 sunt
308 2880 406 2941 ceteri
435 2881 587 2962 ejusmodi
619 2901 758 2955 errores,
794 2901 863 2942 eum
891 2881 1031 2941 incusare
1063 2899 1124 2941 non
1157 2880 1367 2944 dubitaverint.

290 2983 484 3063 Quapropter
503 2984 651 3063 primum,
674 2984 747 3063 quid
768 2984 836 3063 ipse
858 2983 898 3044 dc
919 2982 1129 3044 Ecclesiastae
1152 2984 1282 3045 consilio
1304 3000 1368 3047 sen·

202 3084 287 3159 tiam,
309 3086 483 3146 summatim
505 3105 664 3166 exponam.
897 3164 900 3169 ,
1410 3150 1412 3155 ,

290 3185 324 3264 1)
345 3186 416 3248 Non
438 3187 512 3248 satis
535 3194 677 3249 accurate
698 3187 771 3248 libri
793 3192 1003 3267 argumentum
1026 3186 1247 3267 significavisse
1269 3186 1370 3251 duan
1399 3180 1412 3239 l

203 3293 254 3349 tur
267 3288 300 3364 ii,
316 3288 367 3367 qui
382 3288 535 3364 dixerunt,
549 3288 772 3351 Ecclesiastem
787 3288 943 3350 disserere
965 3289 1011 3349 de
1033 3308 1173 3350 summo
1195 3290 1296 3351 bono
1308 3286 1370 3375 Ν)

204 3390 283 3452 Nam
304 3389 514 3452 Ecclesiastes
540 3409 601 3450 non
623 3391 650 3450 is
673 3395 737 3464 est,
766 3390 834 3469 qui,
858 3410 949 3469 quum
970 3390 1052 3452 bunc
1073 3392 1186 3452 librum
1208 3392 1370 3473 componit,

206 3493 378 3554 etiamnunc
405 3499 546 3568 censeat,
572 3493 689 3553 bomini
716 3493 839 3553 omnino
867 3493 1087 3572 anquirendum
1115 3512 1202 3568 esse,
1231 3494 1306 3574 quid
1333 3494 1372 3555 sit

205 3614 356 3657 summum
376 3594 500 3655 bonum.
545 3595 608 3655 Sed
628 3595 690 3656 boc
711 3596 775 3656 vult
797 3595 1024 3671 demonstrare,
1046 3595 1201 3657 bominem
1224 3598 1371 3659 bonorum

205 3696 300 3757 linem
328 3700 361 3756 et
382 3696 504 3756 omnino
532 3715 635 3756 rerum
663 3697 857 3758 terrestrium
884 3702 1003 3757 certum
1024 3697 1163 3760 ordinem
1191 3717 1295 3779 nequa
1314 3700 1373 3761 vita

294 3899 368 3978 157)
390 3903 514 3960 lliuuitur
533 3906 601 3961 haec
623 3905 765 3962 difficultas
787 3922 828 3977 ea,
852 3923 928 3978 quon
949 3907 1109 3964 llwaldus
1130 3908 1292 3982 proposuit,.
1309 3924 1374 3965 rsr-

212 3989 289 4046 siculi
310 3985 362 4046 28.
385 3989 618 4063 interpretatione:
641 3985 764 4056 „Dcnkt
784 3986 839 4058 ilar,
862 3989 918 4047 wie
938 3987 1034 4048 scolda
1054 3989 1110 4048 coir
1130 3986 1182 4048 idn
1203 3988 1376 4070 cerfolpen!

206 4071 272 4130 aad
291 4071 323 4129 in
344 4071 401 4130 mir
422 4071 466 4131 sai
494 4070 549 4131 der
570 4070 669 4132 Socho
690 4074 796 4134 oraod
818 4074 989 4154 pessundant
1016 4092 1050 4132 so
1068 4072 1202 4152 fdrcdtet
1226 4095 1283 4135 vor
1308 4074 1375 4136 dea

206 4153 356 4216 Solunte
377 4153 481 4217 cucb.“

293 4274 366 4351 158)
388 4279 492 4349 Errant,
515 4278 559 4352 qui
580 4279 608 4335 iu
629 4280 718 4337 verbis
742 4276 770 4352 i,
794 4275 823 4337 3.
847 4277 956 4358 (‚,quid
968 4275 1045 4336 laseri
1059 4276 1227 4337 caticumini
1241 4296 1283 4338 aa·
1297 4276 1377 4338 anmi

207 4380 262 4421 suo
282 4357 443 4435 laborc!“)
470 4363 652 4436 quaestionem
678 4365 750 4423 illam
771 4367 927 4422 desummo
955 4366 1026 4422 bono
1047 4366 1138 4423 inesse
1166 4372 1268 4440 putant.
1312 4368 1378 4424 Num

208 4449 250 4505 bis
272 4449 362 4506 verbis
384 4448 598 4507 exclamatio
621 4451 785 4522 continetur,
810 4452 885 4533 cujus
906 4450 1053 4507 sententiaa
1076 4458 1119 4508 est
1138 4452 1220 4522 baec,
1242 4452 1379 4509 homiuem

209 4534 316 4592 omnino
337 4534 402 4591 nibil
423 4533 491 4590 lucri
512 4550 548 4590 ox
569 4535 641 4593 omni
661 4537 753 4593 laboro
775 4552 825 4593 suo
847 4551 879 4591 uc
900 4536 988 4592 studio
1008 4543 1154 4609 reportare.
1188 4537 1281 4609 ltaque
1302 4554 1330 4593 u.
1348 4532 1378 4593 3.

209 4618 278 4676 ratio
300 4618 449 4691 suincitur,
471 4636 519 4676 cur
539 4620 565 4677 iu
587 4637 614 4677 u.
637 4616 667 4677 2.
690 4620 777 4680 omnia
799 4637 865 4677 vana
886 4621 957 4678 dicta
979 4621 1040 4678 siut.
