3150 5300
831 517 883 591 nt

273 742 346 783 nero
368 725 435 805 ejus
457 724 529 785 libri
550 728 640 803 parte
662 742 734 783 num
756 723 876 802 piorum
898 723 1085 783 resurrectio
1107 723 1210 783 futura
1236 722 1292 803 (G.
1314 719 1367 796 22,
1390 720 1444 800 4.)

271 826 440 903 indicetur,
468 832 554 887 certe
576 827 701 887 dubium
724 831 789 901 est,
817 826 974 905 Mprobos
995 845 1068 886 vero
1090 846 1128 887 ex
1149 831 1335 887 mortuorum
1359 824 1444 884 sedi-

271 930 329 991 bus
350 949 482 1010 unquam
504 947 647 990 evasuros
669 948 751 1005 esse,
774 934 882 1009 aperte
903 934 1032 1010 negatur
1054 926 1118 1007 (22,
1135 923 1188 1008 14)
1211 926 1281 1007 ¹⁰⁷).
1295 962 1339 1017 -Ι-
1355 928 1445 1004 Quae

271 1033 430 1094 secundi
459 1033 776 1093 Maccahaeorum
804 1032 899 1092 libri
921 1032 962 1092 de
984 1033 1191 1111 improborum
1211 1030 1445 1091 resurrectione

271 1135 425 1196 sententia
447 1134 497 1210 sit,
520 1135 653 1195 dubitari
674 1139 789 1215 potest.
832 1132 910 1194 Nam
931 1134 1009 1194 locis
1032 1134 1067 1195 C.
1090 1131 1137 1208 7.,
1161 1134 1195 1195 C.
1219 1129 1269 1207 12,
1290 1128 1444 1193 43-45.

271 1234 329 1313 14,
352 1233 421 1313 49,
448 1235 530 1297 unde
559 1237 705 1318 colligere
728 1237 846 1312 solent,
875 1237 1058 1316 scriptorem
1084 1235 1294 1296 tantummodo
1319 1235 1444 1313 piorum

269 1340 528 1400 resurrectionem
556 1345 771 1420 exspectasse,
807 1346 840 1401 et
866 1339 1031 1419 praecipue
1058 1338 1167 1400 ludaei
1199 1339 1296 1412 illius,
1329 1338 1442 1417 quibus

269 1442 455 1504 Antiochum
473 1440 560 1519 7,14
581 1443 702 1520 etiamr,
723 1443 827 1504 verbis
848 1445 995 1523 („olpardv
1018 1440 1252 1517 parultdoooetuc
1266 1442 1314 1499 ὑπ’
1328 1441 1442 1514 ἀνθρώ·

268 1568 330 1605 πων
350 1547 401 1610 τὰς
421 1547 480 1606 ὑπὸ
499 1554 532 1606 τῦ
553 1554 607 1607 deti
629 1552 787 1621 npoedosois
815 1549 927 1612 discidere
947 1545 1033 1606 πάλιν
1053 1545 1261 1620 ἀναστήσεσθαι
1288 1542 1337 1603 ὑπ’
1360 1545 1439 1603 edrai.

268 1652 323 1709 Σο)
345 1649 471 1724 μὲνγὰρ
492 1648 641 1714 ἀνάστασις
662 1655 715 1714 ete
737 1649 833 1728 ζωὴν
854 1651 888 1709 da
910 1651 1038 1724 ἔσται.“),
1060 1682 1105 1694 -
1124 1647 1163 1708 iis
1184 1665 1374 1725 nequaquam
1389 1666 1439 1708 ex·

269 1751 403 1813 cluditur
424 1752 561 1812 Danielis
583 1751 746 1825 sententia,
769 1749 923 1810 lsradlitas
945 1750 1103 1829 improbos
1125 1750 1162 1809 in
1184 1750 1438 1810 contumelias

269 1859 385 1933 atque
407 1855 444 1915 in
466 1860 662 1915 aeternam
684 1852 934 1932 ignominium
955 1851 1137 1912 suscitatum
1159 1853 1197 1912 iri
1220 1850 1288 1931 108).
1312 1885 1351 1896 -
1377 1851 1438 1912 Sed

268 1955 329 2016 hoc
351 1961 470 2016 certum
492 1961 558 2031 est,
580 1954 820 2016 Pharisaeos
842 1952 995 2029 docuisse,
1013 1954 1145 2034 justos
1166 1961 1438 2041 tantum,'eosqne

268 2058 316 2135 (si
336 2057 473 2137 dosepbo
495 2058 575 2118 lides
596 2057 739 2117 habenda
760 2058 831 2134 est)
860 2057 937 2117 alio
965 2076 1094 2136 corpore
1121 2055 1244 2117 indutos
1272 2076 1310 2116 er
1330 2057 1437 2118 inferis

267 2159 299 2219 in
327 2159 418 2220 vitam
446 2164 627 2220 terrestrem
654 2158 809 2220 redituros
836 2177 921 2233 esse,
955 2160 1104 2219 malorum
1131 2165 1234 2220 autem
1264 2160 1380 2221 animas
1407 2160 1436 2219 in

269 2435 329 2474 cum
344 2411 397 2488 39,
414 2415 434 2472 l
449 2434 520 2489 sqq,
542 2415 588 2492 pbi
610 2416 681 2472 idem
703 2416 819 2488 scriptor
840 2416 901 2488 pios
924 2423 952 2472 et
972 2422 1079 2472 sanctos
1100 2423 1288 2488 postmortem
1303 2420 1438 2493 uouapnd

266 2503 368 2559 iuleros
394 2502 492 2558 sedin
514 2502 592 2558 coelo
614 2508 807 2557 commorantes
828 2502 908 2572 lacit,
937 2518 989 2557 non
1011 2500 1103 2573 liquet.
1148 2502 1273 2560 Fortasse
1301 2504 1437 2562 hocloco

265 2588 445 2644 tantummodo
474 2587 508 2642 de
535 2586 629 2643 electis
655 2586 811 2659 quibusdam
839 2588 939 2645 sanctis
967 2594 995 2643 et
1022 2586 1151 2661 singulari
1178 2588 1308 2663 dignitate
1336 2592 1438 2648 ornatis

266 2673 384 2730 disserit.

352 2786 424 2864 197)
446 2791 520 2862 Ejus,
542 2789 587 2862 qui
608 2791 677 2846 banc
697 2790 758 2847 libri
772 2791 893 2849 llenocbi
914 2799 1016 2865 partem
1032 2794 1191 2866 composuit,
1214 2795 1345 2852 sententia
1361 2812 1438 2853 mor-

266 2886 370 2935 tuomm
391 2877 472 2933 sedes
494 2891 547 2932 nou
568 2884 630 2933 snut
651 2877 699 2933 snb
721 2884 801 2948 terra
824 2878 874 2933 sed
896 2877 923 2934 in
946 2879 1072 2935 extremis
1094 2880 1168 2936 orbis
1190 2887 1317 2936 terrarum
1338 2881 1438 2954 regio-

266 2964 344 3020 nibus
367 2961 577 3019 occidentalibus
605 2960 652 3033 (0.
675 2957 726 3018 22.
750 2963 811 3018 coll.
836 2963 865 3019 G.
892 2956 940 3034 17,
964 2961 1027 3037 a),
1050 2964 1087 3020 ita
1109 2971 1211 3036 nmen,
1234 2973 1262 3021 ut
1282 2966 1386 3038 piorurn
1410 2974 1439 3024 et

266 3049 407 3121 impiorum
434 3048 602 3119 receptacula
629 3046 689 3103 sint‘
708 3055 838 3121 separata.
883 3050 923 3104 lle
951 3050 1023 3122 piis
1050 3049 1147 3106 dicitur
1175 3045 1231 3120 22,
1260 3047 1304 3106 d:
1345 3045 1440 3120 „Die

264 3128 382 3202 Pliitze,
405 3129 437 3186 in
458 3126 588 3187 walchen
609 3130 653 3188 sie
673 3128 807 3198 welanao,
829 3126 921 3189 tollen
943 3131 986 3190 sie
1009 3130 1179 3190 einnebmen
1200 3130 1245 3190 dir
1265 3150 1327 3189 zum
1351 3129 1440 3209 Taya

265 3215 319 3276 des
337 3211 476 3274 Gericltts
497 3214 562 3272 und
581 3213 626 3273 tis
647 3234 681 3272 ru
704 3212 784 3273 ilrrer
806 3213 985 3274 bestimmten
1002 3214 1078 3275 Zeit.
1110 3215 1177 3275 lbra
1190 3214 1347 3274 desummo
1362 3212 1440 3275 Zeit

264 3388 333 3443 citur
358 3386 423 3443 ibid.
446 3404 473 3442 v.
498 3383 546 3442 lt.
591 3380 686 3453 „Idne
707 3381 812 3442 Seeten
838 3381 930 3442 selden
958 3383 1042 3444 nicht
1062 3384 1224 3446 verniclrtet
1241 3383 1361 3443 werden
1383 3403 1437 3446 ont

265 3467 347 3547 Papa
368 3468 421 3528 des
439 3464 585 3537 Gericltts,
606 3466 684 3527 noclr
705 3465 797 3527 cullen
818 3469 862 3527 sie
883 3470 1070 3549 auferstelren
1090 3491 1148 3530 oon
1170 3471 1281 3531 diesem
1300 3466 1450 3530 Placen.

262 3557 442 3614 llollmann
465 3557 551 3613 addit:
593 3550 668 3622 „ot
690 3556 751 3633 auf
767 3552 998 3633 eipentlicde
1019 3553 1302 3636 Auferrtelannp
1329 3551 1433 3635 ltinyc-

262 3639 363 3699 dentet
383 3639 435 3707 sei,
456 3657 542 3717 wopa
563 3637 613 3697 ich
624 3638 718 3699 -oicltt
736 3659 772 3698 zu
794 3639 1011 3701 entecbeiden.“
1025 3674 1062 3686 ·-
1089 3645 1145 3700 Nec
1159 3645 1244 3699 minus
1258 3643 1365 3699 dubium
1380 3652 1435 3718 est,

262 3743 332 3790 num,
356 3744 422 3798 quae
444 3722 495 3796 99,
520 3722 570 3783 12.
593 3734 621 3783 et
641 3723 693 3798 91,
718 3724 756 3783 13
778 3727 902 3784 dicuntur
922 3725 1088 3800 („erl1edea
1109 3724 1188 3784 wird
1206 3722 1272 3783 siclt
1294 3724 1351 3784 der
1375 3721 1433 3786 Ge-

262 3807 362 3868 rectae
383 3827 438 3867 our
459 3807 527 3867 dem
541 3805 767 3883 Sedlummerv,
791 3814 823 3869 ad
846 3813 951 3886 piorum
971 3814 1192 3871 resurrectionem
1212 3812 1353 3870 referenda
1368 3813 1433 3873 sint.

261 3927 305 3939 -
326 3896 355 3952 G.
381 3891 455 3966 102,
482 3892 593 3970 lisqq„
616 3898 661 3953 ubi
684 3905 712 3955 et
734 3898 837 3970 piorum
860 3906 888 3956 et
909 3899 1048 3972 impiorum
1070 3915 1130 3956 sors
1151 3899 1238 3954 lutura
1260 3898 1434 3972 describitur,

261 3981 466 4038 resurrectionis
488 3983 557 4037 nulla
580 3983 678 4039 mentio
701 3985 739 4055 tit,
762 3984 841 4041 immo
864 3984 961 4041 dicitur
984 3982 1055 4057 193,
1071 3981 1115 4041 3.:
1139 3978 1242 4051 „leden
1262 3981 1341 4040 wind
1362 4001 1435 4041 cuer

265 4060 294 4123 G
301 4063 336 4120 ei
342 4069 389 4132 st,
411 4062 462 4122 die
483 4063 532 4122 ior
548 4064 660 4124 stardet
678 4066 710 4124 in
728 4062 979 4145 Gereclitiplceit,“
1001 4078 1028 4127 et
1049 4071 1083 4126 da
1105 4071 1232 4143 improbis
1254 4068 1317 4124 ibid.
1340 4086 1367 4125 v.
1384 4067 1433 4126 a:

260 4147 346 4217 ‚und
365 4147 397 4206 in
418 4148 470 4208 die
491 4149 670 4210 dimicentur
691 4151 756 4211 sind
776 4151 807 4208 in
829 4151 887 4211 dos
900 4149 976 4210 Netz
997 4151 1062 4210 und
1081 4153 1113 4209 in
1135 4152 1186 4211 die
1200 4147 1341 4226 Flamma,
1362 4146 1433 4210 eoel-

260 4230 316 4292 ebe
330 4231 458 4292 brennen
471 4235 551 4295 wird
562 4255 598 4295 zu
612 4236 679 4295 dem
692 4255 816 4316 pressea
834 4233 967 4306 Get-att,
981 4235 1061 4294 wind
1074 4232 1215 4314 einpelren
1230 4233 1278 4293 ilo
1296 4231 1325 4294 G
1330 4237 1434 4296 eist.“

346 4350 419 4425 198)
441 4356 537 4413 Tamen
559 4358 682 4415 assentiri
704 4375 757 4414 non
777 4374 887 4431 possum
909 4355 1055 4426 llabnio,
1078 4356 1123 4428 qui
1145 4359 1163 4414 l.
1187 4374 1211 4412 c.
1234 4373 1261 4428 p.
1285 4353 1336 4413 67.
1361 4376 1432 4415 oeu-

260 4445 303 4496 set
323 4435 343 4495 2
365 4442 447 4497 llaec,
471 4437 508 4513 li,
531 4438 582 4498 26.
612 4437 776 4499 clarissime
803 4443 929 4498 malorum
950 4442 1174 4500 resurrectionem
1201 4442 1321 4498 iudicari.
1366 4445 1431 4501 Nam

259 4526 332 4596 quod
361 4527 480 4583 homines
509 4545 543 4583 ne
565 4529 660 4586 mortui
682 4529 787 4601 quidem
809 4528 892 4583 Deum
921 4527 1040 4601 elingere
1066 4545 1148 4602 possa
1176 4529 1315 4599 donatur,
1345 4529 1431 4586 idad

241 4624 360 4681 poenas,
384 4630 453 4685 quas
471 4613 537 4671 mali
557 4612 584 4672 io
607 4614 679 4673 Orco
701 4613 789 4672 datori
810 4612 875 4686 siut,
895 4604 1063 4672 referendum
1084 4614 1199 4674 videtur.
