3150 5300
773 501 824 577 18

298 709 399 790 Magis
424 728 500 772 sero
527 728 597 770 cum
624 708 679 783 iis,
709 728 788 789 qnae
816 708 974 788 hucusque
1003 707 1210 788 exposuimus,
1243 705 1390 769 conferre

213 812 361 891 expediet
385 811 550 874 Homeri
578 810 619 871 de
645 810 778 871 hominis
810 818 917 872 natura
944 811 1138 873 sententiam.
1183 810 1268 887 Quae
1296 829 1392 889 quum

216 922 365 995 exparte
387 914 487 991 aliqua
508 933 578 973 cum
600 912 672 975 Vct.
688 915 890 975 Testamento
912 915 1023 975 mirum
1043 914 1074 974 in
1092 911 1214 973 modum
1230 918 1391 993 congruat,

214 1022 318 1077 umen
340 1015 448 1089 iniis,
478 1036 555 1095 qnae
578 1015 617 1077 de
640 1018 763 1077 anima
783 1017 917 1077 hominis
940 1017 1062 1092 statuit,
1090 1017 1134 1076 ita
1155 1016 1330 1096 discrepat,
1357 1021 1392 1077 ut

213 1120 335 1199 cognita
362 1137 399 1178 ea
426 1117 632 1199 discrepantis
658 1118 784 1181 Veteris
817 1119 1010 1181 Testamenti
1037 1118 1191 1179 sententia
1218 1117 1258 1177 de
1290 1117 1392 1178 anima

213 1239 274 1281 non
296 1220 396 1298 possit
410 1239 470 1281 non
486 1222 606 1303 facilius
621 1223 766 1301 perspici.
797 1221 960 1300 Sequimur
974 1222 1032 1280 hac
1047 1221 1079 1280 in
1094 1220 1274 1300 quaestione
1297 1220 1390 1281 Nae·

211 1322 492 1401 gelsbachium,
523 1324 627 1403 quiin
649 1324 744 1399 libro,
770 1344 860 1402 quem
884 1323 924 1383 de
948 1323 1103 1403 theologia
1124 1323 1388 1385 Homericacon·

212 1423 347 1503 scripsit,
370 1427 414 1503 (p.
437 1419 496 1485 331
515 1423 574 1506 sq.)
595 1426 725 1487 Homeri
747 1426 787 1489 de
808 1426 935 1487 homine
957 1426 1128 1486 doctrinam
1147 1426 1191 1485 ita
1212 1425 1386 1501 illustravit,

212 1530 248 1587 ut
266 1526 438 1606 perfectius
460 1527 573 1606 aliquid
595 1530 654 1589 hac
676 1530 716 1591 de
738 1550 773 1590 re
795 1530 939 1611 proferre
960 1529 1009 1589 vix
1031 1528 1192 1609 quisquam
1214 1527 1328 1607 possit.

296 1628 451 1689 Homerus
472 1634 538 1690 tres
559 1630 692 1691 hominis
714 1638 819 1712 partes
842 1631 1017 1712 distinguit,
1040 1639 1127 1705 σῶμα,
1148 1630 1181 1689 in
1203 1649 1263 1710 quo
1286 1633 1387 1705 φρένες

211 1730 389 1811 primarium
416 1735 525 1792 tenent
551 1732 668 1808 locum,
697 1739 793 1807 ψυχὴν
816 1739 849 1794 et
869 1732 977 1807 θνμὸν.
999 1762 1045 1783 —0
1081 1736 1164 1806 Ψυχὴ
1193 1732 1234 1792 nil
1258 1738 1310 1793 est
1333 1731 1390 1793 nisi

213 1832 345 1908 anima,
367 1853 426 1912 qua
448 1838 481 1895 et
501 1835 642 1895 homines
665 1840 699 1897 et
716 1836 838 1897 bestiae
859 1836 976 1910 vivunt3
999 1854 1110 1916 expers
1133 1840 1182 1895 est
1203 1834 1334 1896 rationis
1358 1841 1391 1897 et

213 1936 350 2010 consilii,
372 1954 431 1996 nec
452 1936 543 1997 ullius
565 1939 689 1999 omnino
711 1939 867 2000 facultatis
889 1957 1034 2018 compos,
1066 1958 1144 2017 quae
1166 1936 1205 1998 ad
1227 1937 1391 1999 animum

214 2043 248 2100 et
275 2042 437 2100 mentem
464 2040 610 2117 pertinet.
653 2039 792 2102 Persona
812 2042 945 2102 hominis
968 2040 1075 2102 sedem
1097 2041 1129 2099 in
1150 2047 1229 2115 ψυχῇ
1252 2058 1316 2101 non
1338 2040 1391 2101 ha·

215 2140 288 2215 bet3
316 2140 410 2200 immo
436 2142 514 2215 ψυχὴ
541 2142 675 2206 hominis
697 2144 734 2204 ab
763 2144 831 2223 ipso
858 2143 984 2205 homine
1012 2142 1208 2222 distinguitur
1235 2141 1283 2222 (ll.
1308 2138 1391 2218 1,4.

215 2238 270 2318 33,
291 2238 334 2303 65
349 2261 395 2321 sq.
418 2249 451 2303 et
466 2243 529 2322 at).
559 2247 660 2322 Quare
682 2265 833 2325 nunquam
856 2244 937 2325 apud
957 2244 1128 2305 Homerum
1148 2264 1257 2305 vocum
1278 2244 1390 2321 ἠφνχή

187 2401 190 2405 .
215 2368 261 2420 pa,
277 2366 309 2404 σν
326 2349 387 2405 etc.
405 2343 514 2407 eadem
528 2347 574 2408 vis
590 2353 650 2423 est,
674 2369 751 2428 quae
772 2348 994 2409 Hebraicarum
1014 2348 1121 2441 wgo-1,
1133 2349 1239 2455 ψῃ)
1263 2344 1391 2429 etc.⁸⁶).

214 2513 257 2526 ·-
280 2482 365 2557 Quae
387 2482 510 2544 animo
532 2504 568 2545 ac
590 2485 708 2546 menti
730 2485 915 2559 tribuuntur,
938 2482 1095 2563 cogitatio,
1117 2482 1268 2560 voluntas,
1291 2486 1392 2546 consi·

213 2582 304 2654 lium,
332 2583 461 2645 affectus
491 2587 639 2668 cujusque
665 2588 804 2668 generis,
834 2607 871 2651 ea
892 2587 994 2647 omnia
1015 2586 1053 2646 ab
1075 2586 1213 2646 Homero
1235 2585 1274 2646 ad
1294 2593 1393 2665 θυμὸν

216 2686 284 2765 (qul
305 2689 397 2762 μένος,
420 2696 483 2762 νῦν,
514 2697 597 2764 μῆτιν
618 2696 651 2751 et
671 2692 758 2766 βινέὴν
778 2692 811 2750 in
833 2711 868 2753 se
891 2688 1140 2769 comprehendit)
1163 2694 1197 2751 et
1219 2691 1327 2762 φρένας
1348 2693 1394 2773 ita

215 2788 408 2864 referuntur,
435 2797 484 2866 ut,
513 2792 660 2880 quidquid
685 2793 717 2852 in
745 2793 799 2853 illo
828 2797 932 2853 estet
954 2792 992 2852 ab
1014 2791 1142 2866 illofit,
1170 2792 1259 2852 simul
1287 2792 1318 2852 in
1340 2793 1393 2855 nis

217 2891 354 2952 exsistat.
404 2896 508 2966 Φρένες
534 2895 617 2954 enim
644 2903 724 2968 θνμῠ
753 2895 839 2974 quasi
875 2893 966 2955 sedes
996 2899 1067 2953 sunt
1095 2899 1128 2955 et
1148 2895 1393 2974 receptaculum

216 3011 310 3071 quare
331 2994 425 3065 θυμὸς
446 3001 504 3070 est,
528 3015 622 3076 aquo
646 2998 754 3078 agitur,
776 3000 879 3072 φρένες
893 3003 974 3072 sunt,
996 2997 1028 3056 in
1052 2996 1160 3073 quibus
1183 3002 1216 3059 et
1235 3017 1294 3076 per
1314 3017 1391 3076 quas

216 3095 297 3156 actio
317 3095 355 3154 fit
370 3091 429 3175 37).
451 3133 494 3143 -
522 3099 689 3161 Homerico
710 3107 796 3177 θυμῷ
823 3099 1012 3180 respondent
1036 3097 1068 3157 in
1095 3097 1166 3160 vet.
1188 3099 1390 3160 Testamento

216 3198 326 3309 appi]
351 3201 384 3257 et
406 3213 470 3291 [ιι-ι
498 3200 647 3276 hominis,
679 3207 763 3276 pocot
791 3221 863 3262 sero
892 3213 985 3323 3:1¹2,
1014 3181 1064 3276 3)
1088 3206 1122 3262 et
1142 3213 1275 3303 DQ]-
1319 3197 1387 3259 Sed

194 3333 292 3397 ‘ves
316 3334 559 3406 Testamentum,
581 3342 722 3417 utsupra
743 3338 948 3418 exposuimus,
971 3338 1062 3398 etiam
1084 3334 1221 3440 εῇιῄῇ),
1244 3333 1391 3412 quoniam

219 3473 346 3553 spiritus
367 3473 427 3533 vim
450 3477 483 3533 et
504 3478 641 3533 naturam
663 3473 696 3532 in
717 3491 752 3534 se
772 3473 878 3552 habet,
899 3474 952 3536 illa
971 3476 1073 3537 omnia
1094 3474 1236 3556 assignat.
1277 3469 1393 3532 Dicun-

303 3743 357 3822 36)
384 3749 477 3822 Longe
499 3766 578 3806 secus
601 3766 631 3806 se
652 3767 697 3808 res
718 3752 800 3808 habet
820 3753 890 3826 opud
910 3750 1076 3826 posteriores
1097 3751 1215 3808 Graecos
1234 3749 1393 3828 scriptores.

219 3833 274 3890 Sed
294 3833 322 3889 in
343 3834 407 3891 Vct.
432 3837 601 3893 Testamento
628 3836 673 3892 ille
694 3837 771 3895 uocis
793 3836 873 3942 inp]
896 3855 961 3894 usus
982 3835 1139 3894 veterrimus
1161 3841 1218 3904 est,
1246 3835 1302 3892 vid.
1325 3835 1398 3936 lien.-

218 3966 269 4043 lt,
293 3967 343 4029 13.
365 3972 428 4028 lev.
454 3968 503 4043 ll,
527 3967 578 4029 43.
600 3973 674 4029 Νιιιιι.
697 3968 750 4045 23,
773 3968 824 4031 10.

303 4085 356 4163 37)
378 4092 593 4164 Nigelsbacli
615 4092 633 4148 l.
657 4110 681 4148 c.
703 4111 730 4166 p.
755 4087 827 4149 336.
851 4085 996 4159 „Gerade
1010 4085 1057 4147 dei
1071 4085 1128 4146 der
1141 4078 1395 4167 Parallelisirunp

217 4169 321 4232 beider
342 4171 523 4252 Principien
537 4194 539 4198 ⁴
551 4174 617 4233 tritt
636 4172 715 4233 cccli
735 4172 784 4232 ihr
811 4171 1009 4233 Uetersehied
1033 4168 1102 4230 sehr
1122 4163 1253 4228 deutlich
1274 4166 1393 4230 keruer.

217 4261 267 4316 Die
295 4259 397 4329 φρένες
424 4263 463 4318 ε1ε
490 4265 580 4318 etwas
606 4256 821 4338 Korperlicloes
850 4259 955 4335 νέφεσιν
982 4253 1047 4315 siclt
1074 4252 1158 4313 nicht
1181 4271 1244 4311 zum
1271 4253 1396 4335 subject

219 4342 301 4401 does·
317 4344 465 4423 peistipen
483 4342 659 4422 Tltdtt'plceii.
688 4341 783 4405 Diere
799 4340 873 4420 pelet
890 4338 969 4400 wohl
988 4337 1108 4400 mittelst
1126 4340 1183 4400 der
1204 4341 1307 4412 φρένες
1329 4341 1396 4401 und

219 4427 252 4486 in
273 4426 430 4489 desselben
456 4449 526 4499 vor,
554 4428 626 4488 uber
647 4445 705 4485 nur
732 4422 891 4505 einiyemul
917 4430 1009 4484 tuetee
1036 4425 1087 4486 die
1108 4429 1211 4501 φρένες
1232 4424 1308 4483 oder
1328 4427 1395 4486 tritt

219 4510 360 4573 oielmehr
380 4514 432 4576 die
446 4515 525 4588 φρὴν
538 4511 584 4573 als
604 4509 790 4572 tundendas
803 4508 926 4591 Suffect
944 4514 1015 4593 auf,
1035 4512 1173 4593 dopepen
1192 4506 1318 4571 tondete
1337 4512 1394 4572 der

219 4593 376 4678 lebendipe
396 4600 491 4674 θυμὸς
512 4601 628 4658 tuaest
645 4592 748 4675 Ιιᾶιρῗφ
768 4593 885 4656 seldrt“
