3150 5300
708 509 824 587 la·

117 721 200 799 linc
224 722 288 799 (sc.
312 740 352 780 ne
374 719 606 798 reviviscerent)
637 718 773 780 delevisti
797 718 864 780 illos
886 727 915 779 et
936 721 1107 781 exstinxisti
1128 740 1242 781 cirenem
1262 740 1319 782 me-

139 824 306 884 moriam.“
349 821 554 908 Nihilominus
575 822 658 893 Deus
680 822 825 902 populum
848 822 971 901 augebit
998 828 1032 883 et
1052 827 1153 883 temne
1175 822 1253 884 lines
1276 822 1320 883 di·

138 928 255 988 latabit
278 926 320 1004 (v.
335 920 387 1004 15)
401 921 457 1001 ⁹4).
499 923 547 984 Ad
570 944 640 983 eum
662 925 757 1003 igitur
777 925 908 1003 populus
931 926 962 984 in
983 925 1108 985 miseria
1129 926 1258 1005 supplex
1285 943 1320 986 se

140 1028 301 1089 convertit
336 1027 377 1105 (v.
407 1020 471 1104 16).
521 1025 585 1085 Sed
612 1025 712 1086 adhuc
741 1026 883 1104 perlecta
911 1027 992 1085 salus
1021 1026 1177 1088 desolatae
1203 1027 1320 1106 patriae

126 1149 204 1191 ¹uon
231 1135 283 1190 est
311 1133 434 1203 exorta,
469 1126 600 1188 necdum
628 1130 690 1188 nati
719 1134 791 1189 sunt
819 1129 937 1188 incolae
965 1132 1069 1189 terrae
1106 1132 1146 1209 (v.
1178 1127 1227 1189 17.
1256 1124 1319 1199 18).

140 1233 228 1294 Hinc
247 1249 304 1291 vox
327 1231 476 1310 erumpit:
498 1232 629 1306 ‚ptinere
651 1231 876 1290 eiocntmorici
889 1232 934 1290 tui
947 1266 989 1275 —
1011 1228 1105 1310 (quod
1127 1231 1209 1291 haud
1230 1230 1322 1290 dubie

144 1332 296 1413 imprimis
323 1334 460 1412 pertinet
489 1333 527 1392 ad
554 1333 623 1392 illos
653 1345 792 1407 namn,
822 1335 872 1411 qui
901 1352 928 1392 v.
950 1330 991 1392 ‘tl
1021 1334 1322 1408 commemorantur),

151 1435 301 1495 cadevera
314 1435 594 1514 ηιιιιινιιευνριιηιὶιι
618 1470 656 1481 —
681 1454 759 1514 quae
780 1442 851 1495 vota
873 1436 955 1495 illico
977 1440 1136 1496 transeunt
1158 1437 1189 1495 in
1210 1434 1322 1494 laetam

144 1537 408 1598 vaticinationem:
437 1536 754 1617 expergiscimini
783 1542 820 1597 et
850 1538 1063 1611 exsultate,
1093 1537 1152 1615 qui
1179 1538 1217 1596 in
1244 1536 1321 1616 pul·

143 1658 238 1701 vere
259 1640 465 1714 habitatis,
488 1640 572 1719 quia
593 1658 656 1699 ros
679 1640 780 1700 lucis
797 1637 842 1718 ⁹³)
865 1644 927 1699 est
948 1658 1012 1699 ros
1034 1644 1136 1713 tuus,
1159 1643 1197 1698 et
1218 1645 1322 1699 terra

143 1759 285 1802 manes
307 1740 452 1819 pariet“
475 1742 515 1819 (v.
541 1735 605 1819 19).
648 1740 735 1800 Haec
758 1739 830 1800 dum
851 1741 938 1801 brevi
960 1741 1023 1800 siut
1045 1745 1204 1810 eventura,
1226 1759 1321 1819 popu·

142 1845 194 1905 lus
217 1847 395 1922 exspectet,
425 1847 458 1902 et
479 1843 615 1922 quietum
637 1861 672 1902 se
694 1848 816 1917 teneat,
847 1842 947 1903 donec
967 1842 1144 1915 transiverit
1160 1841 1321 1923 judicium,

144 1964 209 2025 quo
230 1945 314 2005 Deus
336 1945 500 2005 insontium
523 1944 676 2023 sanguinis
698 1944 759 2004 fusi
781 1963 897 2023 poenas
920 1950 969 2005 est
991 1945 1183 2024 expetiturus
1197 1941 1252 2021 96).

232 2046 401 2127 Perperam
429 2048 564 2107 noncvdli
582 2046 811 2127 judicaverunt,
841 2067 918 2126 quae
939 2066 965 2107 v.
991 2043 1031 2106 19
1054 2046 1235 2120 dictasint,
1264 2065 1322 2125 per

142 2150 380 2211 translationem
403 2142 473 2210 esse
495 2148 704 2228 intelligenda,
726 2149 910 2228 prophetam
926 2168 986 2209 non
1009 2149 1253 2210 demortuorum
1273 2167 1321 2208 re·

144 2252 217 2313 ditu
236 2253 268 2313 iu
289 2253 398 2328 vitam,
428 2252 484 2312 sed
506 2252 545 2312 de
568 2252 705 2315 exsulum
730 2252 833 2313 reditu
855 2253 884 2312 iu
907 2253 1037 2331 patriam
1067 2257 1100 2312 et
1121 2252 1161 2311 de
1182 2269 1259 2310 novo
1282 2249 1322 2310 ci·

144 2355 251 2416 vitatis
273 2354 458 2415 israeliticae
480 2354 557 2415 flore
580 2354 742 2434 cogitasse.
760 2357 858 2432 Quae
879 2354 1092 2434 interpretatio
1115 2374 1204 2433 quam
1218 2354 1323 2440 inepta

144 2457 205 2533 sit,
227 2456 322 2518 facile
344 2475 528 2536 cognosces,
551 2456 578 2516 si
601 2458 773 2535 oppositam
795 2458 980 2517 sententiam
1000 2476 1028 2516 v.
1052 2453 1093 2515 14
1113 2476 1172 2535 per
1193 2455 1323 2516 eandem

144 2559 380 2619 translationem
402 2558 600 2639 interpretari
622 2559 798 2619 tentaveris.
843 2559 960 2636 Quodsi
979 2577 1052 2618 vero
1075 2558 1106 2618 in
1128 2578 1155 2618 v.
1179 2555 1221 2617 14
1241 2558 1321 2618 voci-

145 2663 211 2724 bus
238 2671 336 2738 00570
366 2666 399 2722 et
428 2674 549 2736 mm
576 2681 685 2722 revera
717 2662 854 2722 mortui
883 2661 1108 2742 significantur,
1143 2661 1220 2721 mira
1248 2679 1322 2721 seue

146 2763 253 2846 opinio
269 2769 328 2840 est,
351 2765 424 2825 inv.
442 2760 482 2825 19
503 2765 686 2844 prophetam
708 2765 819 2826 iisdem
841 2764 966 2827 vocibus
986 2762 1119 2826 ludaeos
1134 2762 1216 2826 inter
1237 2770 1321 2826 exte·

147 3064 187 3119 At
209 3047 501 3133 improbcs'lsratlitas
524 3060 550 3116 in
571 3060 651 3117 vitam
672 3061 771 3133 redire,
794 3064 924 3135 propheta
946 3076 998 3117 non
1021 3059 1169 3130 desiderat,
1192 3058 1240 3114 sed
1262 3073 1322 3129 eos,

148 3145 196 3220 qui
219 3145 340 3202 insontes
362 3151 436 3201 emut
457 3145 590 3202 interemti
610 3163 637 3203 v.
661 3142 712 3201 tl.

236 3260 289 3338 94)
323 3263 397 3332 Quae
423 3264 492 3321 ratio
520 3265 591 3321 inter
615 3284 642 3321 v.
667 3261 706 3321 14
729 3270 757 3321 et
779 3261 819 3321 15
848 3264 1010 3335 intercedat,
1039 3265 1107 3320 bene
1134 3262 1248 3319 Ewald
1278 3260 1321 3334 (in
1357 3308 1359 3312 Α

151 3365 249 3404 comm.
272 3349 306 3404 ad
325 3349 357 3424 l.)
378 3349 415 3406 ita
437 3350 592 3423 explicavit:
621 3344 707 3418 „Der
722 3345 860 3426 Prcpdet
878 3344 955 3406 atellt
973 3365 1051 3404 zwar
1070 3343 1212 3405 annectit
1231 3342 1265 3405 V.
1284 3343 1322 3402 14

152 3427 215 3488 den
229 3427 296 3489 sae
317 3433 379 3511 auf,
401 3430 473 3491 duas
493 3451 563 3491 enan
584 3430 648 3489 sicli
670 3451 721 3490 nne
740 3451 928 3510 eeryanyene
944 3429 1059 3505 Zeiten,
1080 3450 1131 3489 um
1148 3428 1249 3503 Todte,
1272 3428 1323 3487 die

150 3511 233 3574 decli
254 3512 337 3574 nielct
356 3515 468 3576 wieder
489 3515 658 3594 nutsteden,
686 3514 750 3575 else
772 3513 851 3576 aucit
878 3536 928 3575 oen
949 3516 1000 3574 die
1022 3514 1093 3575 eben
1119 3533 1220 3594 coepere
1241 3512 1323 3571 iliter

148 3598 275 3660 woden
295 3599 451 3680 vertilqten
473 3599 584 3660 iilteren
607 3598 759 3660 Israeliten
779 3599 865 3660 nicltt
881 3604 1007 3680 primeca
1025 3599 1147 3679 dirse‘
1168 3597 1247 3657 Ater
1267 3597 1321 3657 do·

147 3683 244 3744 neten
265 3683 355 3745 bleidt
375 3684 455 3746 decli
478 3685 555 3744 eecli
576 3685 628 3745 die
645 3684 857 3766 propletisclie
881 3683 1044 3760 Wairiett,
1066 3681 1247 3744 cassiotae
1268 3683 1323 3742 der

149 3768 246 3914 W
262 3768 457 3937 Mmtlff
476 3768 582 3832 Volcei
603 3772 655 3841 aei,
678 3775 739 3850 uus
755 3771 815 3831 den
829 3771 887 3832 des
908 3771 1097 3850 semiaperto,
1117 3767 1323 3849 pescliwiiclite

186 3872 204 3912 o
259 3871 362 3912 immeo·
443 3874 479 3914 ec
500 3860 624 3915 maiore.“

238 3969 293 4050 95)
316 3974 362 4030 Sic
389 3972 474 4055 Vely.
498 3986 527 4035 et
548 3995 583 4034 ex
603 3978 798 4036 recentioribus
819 3977 986 4049 Umbreit,
1009 3977 1054 4050 qni
1068 3984 1143 4032 recte
1157 3977 1193 4032 ita
1216 3981 1322 4030 censet:

152 4053 214 4131 „Es
235 4054 309 4136 lieyt
317 4057 361 4139 ja
382 4056 450 4116 dem
468 4057 703 4140 Moepenllinder
729 4079 763 4118 eo
784 4057 875 4129 calte,
902 4059 954 4120 die
975 4057 1131 4119 deicienda
1151 4055 1247 4136 Kecft
1266 4055 1323 4116 dea

155 4137 300 4200 Himmela
321 4139 366 4202 uls
383 4141 481 4204 l'ltcae
502 4143 702 4205 amicicie
721 4143 937 4218 cozuscloeen,
960 4145 1031 4205 desa
1053 4142 1104 4202 die
1132 4141 1325 4220 Verbindsceq

151 4224 256 4285 dieser
269 4224 375 4286 beiden
388 4227 644 4289 Leienaelemente
663 4249 698 4288 zu
713 4230 830 4288 einem
845 4228 980 4310 Repriffe
1000 4226 1212 4287 wundeebceee
1232 4225 1323 4285 tect-

152 4315 214 4370 ster
228 4309 384 4393 Beledmry
405 4311 452 4373 ula
470 4312 738 4374 dieiatnets'irlicli
753 4312 928 4374 erecieint.“
942 4348 983 4358 —
1005 4317 1059 4374 Ala
1081 4332 1131 4372 roa
1141 4310 1323 4392 pileatorum.

238 4430 292 4510 96)
319 4434 410 4492 Verba
432 4453 459 4492 v.
481 4431 520 4492 21
546 4445 599 4495 etc.
628 4447 732 4546 {²7⁸³
757 4428 875 4511 nm]
899 4453 957 4493 cnm
979 4428 1135 4509 llitzigio
1163 4442 1190 4490 et
1210 4432 1268 4506 ipsa
1290 4433 1324 4488 ad

151 4541 316 4593 mortuorum
336 4536 559 4595 resurrectionem
583 4537 723 4595 referenda
744 4537 876 4594 videntur.
919 4532 1010 4605 „Alle
1037 4534 1120 4594 diere
1145 4529 1323 4610 Eracllape-

150 4633 210 4676 neo
223 4614 333 4696 lelcyen
343 4619 423 4699 jactat
440 4619 553 4681 wieder
573 4617 628 4680 in'a
649 4617 752 4682 Lebaia
774 4622 903 4704 perofeo
921 4619 992 4682 itere
1011 4618 1138 4681 nisam
1160 4621 1228 4674 ont*

289 4748 292 4755 ·
1113 4715 1140 4776 4
