3150 5300
770 496 794 569 2

199 709 287 779 runt,
316 704 456 784 quirem
483 703 514 764 in
536 700 776 763 controversiam
804 699 963 761 ducerent.
1007 700 1175 782 Praecipue
1196 700 1376 763 Marcion

199 805 309 882 iniis,
338 807 447 886 qudrus
468 804 588 866 Novum
610 823 628 865 a
649 802 720 865 Vet.
743 803 945 865 Testamenta
972 804 1157 886 disjunctum
1180 809 1280 879 essct,
1309 804 1375 867 hoc

200 927 321 988 quoque
342 907 459 987 posuit,
487 906 568 986 quod
589 905 773 967 ,ludaeorum
788 906 872 967 Deus
894 912 1011 967 terreno
1032 912 1164 981 tantum,
1192 904 1375 986 lonpaeoom

199 1010 291 1070 citam
317 1010 533 1087 apostatae
553 1009 711 1069 domnam
739 1008 827 1090 apud
852 1009 966 1089 inferos
991 1010 1196 1089 refriperimm
1226 1008 1375 1080 Christus

198 1130 271 1171 sero
300 1108 439 1170 coelestia
467 1117 497 1170 et
516 1117 664 1171 aetermam
691 1112 783 1170 citam
810 1110 1004 1190 promisisset
1023 1108 1058 1189 8).
1102 1110 1136 1171 ln
1163 1110 1272 1172 eadem
1300 1129 1374 1173 sen·

198 1212 298 1274 tentia
319 1212 445 1273 fuerunt
467 1212 704 1287 Manichaei,
727 1212 779 1291 qui
802 1219 835 1274 et
856 1213 925 1292 ipsi,
948 1232 1025 1291 quae
1047 1211 1119 1274 Vet.
1136 1211 1374 1276 Testamentum

200 1314 364 1377 exbiberet
386 1316 546 1396 promissa,
567 1321 602 1376 ut
622 1315 793 1376 humillima
813 1315 992 1391 irridebant,
1015 1335 1073 1376 nec
1088 1315 1282 1376 Patriarchas
1306 1318 1374 1396 qui·

199 1416 272 1477 dem
293 1419 386 1478 ullam
408 1418 554 1479 coelestis
575 1418 655 1478 vitae
678 1436 766 1497 spem
787 1417 903 1479 fovisse
925 1419 1143 1479 asseverabant
1159 1416 1195 1501 ⁴).

285 1520 405 1597 Quibus
427 1520 589 1582 sententiis
618 1525 722 1600 patres
751 1520 955 1582 ecclesiastici
981 1520 1025 1581 Ita
1051 1538 1122 1581 sese
1150 1526 1365 1599 opposuerunt,

199 1625 233 1681 ut
255 1622 315 1701 ipsi
342 1622 383 1683 de
411 1642 533 1697 eorum,
563 1642 641 1702 quae
669 1624 725 1683 sub
749 1621 822 1688 vet.
845 1622 1047 1684 Testamenta
1075 1622 1225 1702 promissa
1252 1628 1368 1700 essent,

198 1724 318 1784 ratione
347 1743 383 1785 ac
405 1725 534 1785 consilio
555 1724 639 1785 inter
667 1742 702 1785 se
725 1723 935 1786 dissentirent.
980 1723 1249 1786 Tertullianus
1277 1726 1372 1801 enirn,

199 1845 291 1905 qaum
311 1827 471 1887 terrestris
491 1825 651 1887 felicitatis
673 1826 918 1906 promissionem,
940 1846 1018 1906 quae
1032 1826 1065 1887 ln
1079 1826 1152 1891 Vet.
1167 1826 1373 1889 Testamenta

199 1933 315 2003 exstat,
350 1948 408 2008 per
434 1929 611 2009 allegoriam
638 1928 677 1990 ad
703 1948 833 2010 regnum
860 1928 977 1989 Christi
1004 1929 1141 1990 coeleste
1175 1929 1373 2007 transferret,

199 2030 328 2091 eandem
357 2031 448 2092 simul
468 2031 595 2111 proprie
617 2031 827 2112 accipiendam
849 2049 920 2093 esse
947 2030 1113 2092 arbitratus
1136 2037 1200 2106 est,
1228 2033 1375 2110 quoniam

198 2132 358 2194 terrestris
379 2132 512 2193 lelicitas
536 2132 718 2195 coelestium
738 2133 892 2194 bonorum
913 2132 1023 2213 pignus
1053 2138 1086 2194 et
1112 2133 1180 2213 ipsa
1205 2133 1307 2195 divIna
1330 2136 1374 2197 ci·

198 2234 276 2295 vitas
298 2234 460 2314 aliquando
482 2236 626 2297 terrestri
648 2236 814 2316 splendore
836 2235 942 2297 induta
962 2235 1003 2296 de
1025 2236 1112 2296 coelo
1134 2236 1166 2296 In
1187 2236 1270 2297 bunc
1285 2256 1373 2299 muu-

199 2335 271 2397 dum
298 2337 485 2399 descensura
511 2345 597 2400 esset
616 2334 651 2422 ⁶).
696 2338 859 2420 Origeni
886 2344 989 2399 autem
1017 2338 1140 2398 omnino
1168 2344 1200 2399 et
1221 2338 1374 2401 Insulsum

203 2474 505 2495 Τ-..--.-.-....

200 2551 261 2603 turo
276 2546 353 2602 etde
368 2546 491 2619 corporis
504 2545 702 2603 resurrectione
717 2543 871 2620 protulisse.
902 2545 942 2601 cf.
959 2545 1140 2619 Angustia.
1164 2545 1221 2603 civ.
1237 2546 1270 2605 D.
1285 2548 1373 2623 XXII,

199 2624 252 2772 ἐξ.
274 2661 315 2674 -
338 2631 446 2689 Prolixe
468 2631 580 2688 eandem
602 2630 786 2706 quaestionem
807 2633 931 2691 cacavit
950 2632 1070 2689 Euscb.
1093 2647 1184 2707 praep.
1208 2649 1303 2707 evang.
1324 2634 1373 2709 XI,

264 2732 306 2789 sq.

286 2829 318 2908 3)
345 2833 407 2892 Vid.
430 2835 576 2892 Tertull.
604 2835 665 2891 adv.
687 2836 767 2891 llarc.
790 2834 843 2906 Ν,
868 2830 917 2891 14.
941 2830 991 2892 25.
1015 2829 1066 2892 34.
1097 2836 1158 2899 coll.
1181 2837 1231 2908 Ill,
1254 2831 1305 2893 24.
1327 2868 1373 2880 —

201 2919 357 2977 Animorum
377 2921 600 2978 immortalitatem
621 2920 647 2976 in
670 2919 732 2976 Vet.
747 2922 916 2978 Testamenta
939 2937 1093 2995 expressam
1115 2938 1188 2994 esse,
1209 2929 1239 2979 ut
1259 2932 1373 2996 negaret

200 3005 327 3076 llarcion,
350 3012 449 3063 tantum
471 3008 572 3077 aberat,
594 3013 623 3062 ut
644 3004 723 3061 etiarn
744 3004 822 3062 aliam
843 3012 943 3063 sortem
964 3007 1025 3080 piis,
1049 3005 1124 3062 aliam
1139 3007 1227 3082 ImpiIs
1241 3009 1309 3082 apud
1323 3007 1371 3064 in-

200 3089 275 3148 leros
297 3091 487 3148 aludaeorum
501 3091 559 3148 lieo
581 3097 698 3165 paratam
720 3107 783 3148 esse
806 3091 982 3148 concederet:
1006 3109 1082 3164 quam
1104 3099 1191 3149 tamen
1212 3093 1369 3149 sententiam

199 3192 254 3233 non
275 3192 310 3232 ex
330 3175 390 3250 ipso
410 3176 474 3233 Vel.
496 3177 674 3246 Testamenta,
696 3177 746 3232 sed
767 3182 867 3232 tantum
888 3193 924 3232 ex
944 3177 1007 3233 boc.
1033 3173 1082 3248 lb,
1104 3173 1155 3235 23.
1180 3176 1366 3250 comprobasse

200 3261 305 3318 videtur
326 3259 358 3336 (l.
377 3279 401 3317 c.
423 3259 470 3333 Ν,
493 3257 570 3336 34.)
613 3261 701 3318 Aliter
717 3261 848 3333 judicavit
869 3260 915 3318 ille
935 3262 1113 3335 llarcIonIsta,
1137 3278 1211 3338 quern
1233 3257 1366 3331 Augusti-

200 3363 250 3402 nus
271 3347 347 3403 libris
368 3347 473 3404 duobus
494 3349 599 3402 ecana
620 3342 827 3403 adversarium
849 3341 923 3423 lepte
945 3351 975 3405 et
990 3344 1205 3425 prophetaram
1230 3342 1369 3417 inscriptis

199 3430 372 3505 impugnavit.
402 3433 429 3489 ls
451 3430 521 3487 enim
542 3432 588 3502 (Il,
610 3426 664 3502 6.),
686 3427 815 3502 „Morem
837 3433 931 3506 Inquit,
953 3449 1066 3492 omnem
1087 3451 1170 3511 apem
1187 3432 1312 3510 ficimus
1324 3443 1371 3484 re·

200 3513 393 3573 surrectionis
413 3513 446 3572 in
466 3511 634 3574 bominibus
655 3514 811 3589 aestimarit,
833 3516 886 3596 qui
907 3514 1058 3576 mortalem
1080 3534 1142 3574 erae
1156 3516 1286 3572 animam
1295 3527 1370 3585 pro·

199 3598 362 3671 mundavit,
385 3599 438 3678 pai
459 3617 525 3657 eam
547 3617 609 3657 esse
630 3599 804 3678 sonprainem
818 3600 929 3661 dicits
942 3633 986 3645 —
1001 3601 1099 3657 Similis
1120 3594 1266 3652 Manichaei
1287 3594 1371 3651 Adi-

199 3687 302 3743 manti
323 3686 455 3743 sententia
477 3693 542 3744 erat.
586 3686 648 3743 Vid.
671 3688 817 3761 Augurum.
842 3707 866 3744 c.
888 3686 976 3744 Adim.
999 3685 1030 3739 0.
1054 3677 1103 3737 12.
1126 3679 1200 3751 (opp.
1224 3677 1267 3733 cd.
1283 3679 1370 3753 bugd.

285 3887 316 3963 4)
346 3888 399 3961 ct,
420 3879 488 3962 quac
508 3889 657 3948 Faustus
678 3893 747 3965 apud
768 3888 947 3964 Augustimm
968 3882 1009 3957 (c.
1031 3883 1119 3940 Faust.
1142 3880 1194 3952 IV,
1220 3878 1266 3951 l.)
1289 3882 1370 3945 dicit:

200 3969 300 4042 „Tam
321 3971 430 4030 misera
451 3974 501 4047 (V.
524 3975 572 4049 Τ.)
587 3979 629 4033 et
649 3970 817 4053 corporalis
839 3989 877 4030 ac
897 3967 985 4046 loope
1007 3962 1044 4023 ab
1067 3964 1185 4022 anirrrae
1206 3966 1371 4028 commodis

199 4054 371 4116 baereditas
392 4060 449 4130 est,
470 4062 505 4116 ut
519 4063 593 4137 post
612 4057 729 4118 beatam
749 4054 832 4117 idam
852 4053 894 4114 Ν.
921 4049 1096 4111 Testamenti
1111 4047 1370 4128 pollicitationem,

201 4160 279 4224 qaae
300 4137 448 4201 coeloram
469 4140 542 4201 milri
560 4145 683 4223 neptium
705 4147 735 4201 et
753 4139 845 4215 vitam
855 4140 1032 4217 perpetuum
1047 4135 1232 4213 repromittit,
1254 4135 1373 4197 etiamsi

198 4227 296 4308 pratis
323 4245 388 4285 eam
408 4224 481 4286 mibi
501 4233 624 4288 testator
643 4245 714 4286 caus
741 4224 902 4301 imperaret,
927 4219 1133 4298 fastidirem.“
1174 4223 1222 4279 Cf.
1245 4223 1310 4279 ibid.
1333 4226 1370 4298 X,

202 4311 231 4372 l.
253 4345 294 4356 -·
314 4315 442 4387 XXXIII,
466 4311 493 4372 l.
517 4314 603 4383 „sint
621 4313 680 4388 (sc.
702 4312 864 4370 ludaeorum
885 4312 990 4382 patres)
1014 4311 1044 4365 et
1062 4305 1122 4384 ipsi
1133 4306 1202 4386 jam
1224 4305 1255 4363 in
1277 4324 1372 4383 repca

202 4393 360 4472 coelomcm,
375 4395 569 4468 tiatinlcco,
585 4415 682 4472 quern
702 4412 766 4453 nec
786 4395 1015 4454 crediderant
1037 4411 1185 4468 unquam,
1208 4410 1269 4449 nec
1292 4410 1372 4467 spe-

121 4509 127 4523 *
200 4492 381 4558 reuerent,
404 4493 439 4544 ut
460 4486 536 4544 lere
558 4502 599 4541 ex
620 4498 735 4540 corum
756 4479 861 4539 libris
883 4480 1016 4554 liquido
1038 4481 1207 4556 apparct“
1230 4486 1282 4536 cto.

285 4602 316 4679 b)
338 4606 398 4664 adv.
420 4605 501 4663 blera
522 4603 569 4674 IV,
592 4597 644 4660 14.
665 4601 711 4674 Ill,
733 4596 784 4660 id.
