3150 5300
822 499 875 574 84

265 724 339 767 vero
361 725 448 785 spem
470 725 596 786 prorsus
618 705 756 786 abjiciat,
785 724 820 765 11
842 706 942 785 ipsum
964 725 1096 785 unquam
1118 726 1173 769 suo
1195 709 1300 769 labore
1323 708 1439 787 aliquid

266 809 485 887 perfecturum,
507 810 557 868 vel
579 827 633 867 sua
655 808 839 887 cogitatione
861 828 965 869 rernm
987 809 1124 869 ordinem
1147 817 1384 890 perspecturum
1407 816 1440 870 et

266 910 366 970 diuina
387 910 515 970 consilia
535 910 786 989 investigaturum
810 927 891 970 esse.
935 910 1013 970 Nam
1035 912 1117 972 Deus
1138 914 1250 985 voluit,
1279 913 1438 972 hominem

268 1014 345 1073 nihil
368 1014 446 1073 certi
468 1030 656 1092 cognoscere
678 1010 723 1095 (7,
748 1009 798 1071 14.
821 1013 890 1075 coll.
912 1008 1018 1087 6,11.
1041 1010 1072 1089 8,
1095 1013 1126 1074 7.
1149 1017 1317 1094 1111.),11
1339 1015 1438 1075 humi·

267 1117 361 1176 litatis
384 1121 417 1176 et
439 1115 625 1176 infirmitatis
649 1133 722 1176 suae
745 1134 870 1195 semper
891 1135 1010 1176 memor
1031 1124 1171 1178 maneret
1191 1114 1236 1197 (3,
1261 1113 1301 1178 18
1317 1136 1376 1196 11,,
1400 1117 1438 1177 de

268 1237 328 1296 quo
351 1217 420 1278 loco
442 1219 533 1298 paulo
554 1222 626 1297 post
648 1217 858 1293 disseremus).

351 1318 385 1399 2)
407 1321 463 1379 His
486 1321 663 1400 praemissis
685 1320 717 1379 in
740 1339 794 1390 ea,
817 1340 893 1398 quae
916 1321 954 1382 ad
976 1325 1113 1382 nostram
1133 1322 1347 1400 quaestionem
1369 1341 1437 1402 per·

266 1423 374 1498 tinent,
397 1423 566 1483 accuratius
589 1423 787 1502 inquiremus.

349 1525 396 1585 De
417 1525 511 1585 rebus
532 1530 604 1603 post
626 1530 757 1584 mortem
787 1523 899 1584 futuris
920 1524 1128 1587 Ecclesiastes
1156 1525 1278 1585 omnino
1307 1523 1438 1586 eandem

266 1628 450 1686 sententiam
471 1626 624 1705 proponit,
647 1646 736 1704 quam
757 1631 793 1687 ut
814 1625 974 1686 Mosaismi
994 1627 1150 1707 propriam
1171 1628 1204 1687 in
1224 1628 1325 1706 prima
1345 1627 1439 1708 hujus

266 1727 337 1787 libri
365 1734 454 1807 parte
488 1728 713 1807 explicavimus.
764 1729 884 1807 Corpus
913 1728 1047 1789 hominis
1075 1730 1187 1790 mortui
1219 1730 1252 1789 in
1279 1730 1436 1810 pulverem

267 1830 340 1903 abit,
364 1831 489 1910 spiritus
512 1830 551 1890 ad
564 1832 663 1891 Deum
683 1831 767 1892 redit
787 1829 854 1912 (12,
869 1828 914 1910 7.)
934 1827 1004 1906 160),
1027 1832 1144 1892 animus
1166 1837 1268 1893 autem
1291 1832 1357 1894 ie.
1371 1833 1438 1912 ipse

266 1932 359 1992 homo
373 1934 404 1992 in
419 1933 533 1994 Orcum
548 1933 710 1994 descendit
731 1929 776 2011 (9,
793 1930 874 2013 lit),
895 1935 1046 1994 honorum
1061 1934 1270 2012 malorumque
1290 1934 1323 1994 in
1339 1941 1439 1996 morte

267 2042 392 2115 etpost
419 2043 550 2097 mortem
578 2037 692 2097 nullum
721 2036 759 2095 fit
785 2035 952 2096 discrimen
978 2031 1165 2116 (1111).
1208 2037 1298 2097 Hanc
1319 2043 1436 2098 sortem

266 2138 475 2199 Ecclesiastes
503 2138 580 2200 adeo
608 2140 733 2202 tristem
762 2145 795 2199 et
822 2139 965 2199 miseram
994 2158 1065 2200 esse
1092 2144 1215 2214 censet,
1242 2144 1293 2214 ut,
1321 2140 1351 2200 si
1374 2159 1438 2202 eam

268 2240 518 2316 consideraverit
540 2260 600 2301 non
622 2242 721 2321 possit
741 2260 803 2301 non
824 2240 976 2317 dubitare,
998 2261 1070 2302 num
1084 2242 1217 2302 hominis
1239 2260 1324 2302 mors
1347 2262 1368 2302 a
1388 2242 1439 2302 be·

268 2342 394 2403 stiarum
416 2343 543 2405 interitu
564 2363 673 2405 revera
695 2342 827 2404 differat.
872 2342 943 2404 Vid.
965 2340 996 2418 3,
1021 2339 1061 2403 19
1076 2363 1158 2422 sqq„
1186 2344 1238 2423 qui
1259 2344 1350 2406 locus
1371 2363 1441 2406 oum

267 2445 322 2519 iis,
350 2465 427 2523 quae
451 2442 507 2521 12,
530 2444 561 2507 7.
590 2447 672 2507 dicta
699 2452 785 2522 sunt,
809 2465 869 2506 non
891 2447 1056 2526 discrepat.
1099 2445 1178 2506 Nam
1202 2443 1252 2522 12,
1274 2443 1441 2508 7.·1111-

268 2547 378 2607 siastes
402 2568 439 2609 ea
460 2548 550 2624 dicit,
579 2567 657 2627 quae
679 2549 824 2624 credit,
854 2550 951 2609 altero
972 2550 1042 2610 loco
1064 2568 1102 2610 ea
1123 2549 1265 2629 exponit,
1288 2569 1371 2628 quac
1391 2550 1442 2610 in-

267 2652 441 2727 tellexit,
470 2672 562 2731 quum
584 2658 690 2713 mente
711 2672 765 2713 sua
787 2659 904 2713 sortem
925 2653 1057 2713 hominis
1080 2654 1213 2713 futuram
1238 2656 1441 2717 samtaretur.

267 2752 450 2815 Persuasum
472 2756 583 2828 habet,
612 2754 753 2832 spiritum
775 2756 940 2814 humanum
962 2755 1002 2814 ad
1022 2756 1120 2815 Deum
1141 2755 1256 2815 reverti
1278 2752 1359 2837 (12,
1381 2753 1440 2832 7.),

268 2856 325 2916 sed
346 2858 406 2917 hoc
428 2858 529 2935 ipsum
550 2876 622 2915 num
638 2857 687 2916 'ita
709 2856 773 2932 fiat,
797 2861 831 2916 ut
852 2855 974 2934 aliquod
995 2855 1161 2916 discrimen
1183 2857 1318 2917 hominis
1340 2863 1376 2919 et
1386 2858 1440 2919 be·

269 2960 347 3019 stiae
369 2960 512 3033 exsistat,
543 2959 702 3037 explorare
723 2960 838 3037 nequit.
882 2958 959 3018 Nam
982 2959 1075 3019 etiam
1096 2959 1130 3018 in
1149 2958 1259 3019 bestiis
1283 2958 1370 3021 inest
1389 2960 1440 3021 ille

269 3062 395 3140 spiritus
424 3062 540 3136 vitalis,
570 3082 588 3120 a
616 3062 682 3121 lleo
710 3062 870 3136 emissus,
885 3061 1111 3139 earundemque
1137 3060 1263 3140 spiritus
1292 3081 1310 3120 a
1339 3062 1439 3124 divino

269 3164 391 3223 numine
411 3164 581 3224 retrahitur
603 3164 667 3242 (Ps.
692 3161 764 3237 104,
786 3159 829 3223 29
843 3165 914 3241 sap).
959 3163 1034 3240 Quis
1055 3163 1149 3242 igitur
1170 3165 1263 3237 norit,
1286 3183 1362 3225 num
1383 3164 1440 3225 elia

269 3267 388 3325 ratione
415 3266 588 3338 hominum,
621 3266 681 3325 alia
705 3266 876 3327 bestiarum
905 3265 1031 3343 spiritus
1065 3264 1104 3323 ad
1130 3266 1228 3325 lleum
1255 3272 1439 3341 revertatur,
1473 3250 1483 3307 ’-

268 3387 341 3426 num
364 3367 490 3446 spiritus
512 3367 662 3441 hominis,
690 3365 944 3446 quemadmodum
966 3365 1110 3444 singulari
1131 3367 1224 3426 modo
1245 3386 1264 3427 a
1285 3366 1372 3429 Deus
1394 3374 1440 3430 est

270 3469 391 3528 inflatus
414 3468 488 3549 (vid.
510 3468 532 3530 l.
555 3469 592 3528 A.
615 3465 671 3544 1.),
693 3468 737 3527 ita
758 3474 829 3546 post
849 3473 981 3528 mortem
1003 3487 1123 3529 sarsum
1145 3469 1243 3529 elatus
1259 3476 1440 3533 secernatur
1480 3514 1483 3523 .

270 3592 288 3631 a
310 3571 419 3650 spiritu
440 3570 560 3629 bestiae
583 3569 727 3630 deorsum
746 3571 935 3631 descensuro
957 3567 1002 3651 (3,
1022 3567 1099 3649 2l.).
1142 3572 1210 3632 Hoc
1226 3590 1328 3635 ,unum
1349 3592 1440 3635 com·

269 3678 416 3753 pertum
438 3672 534 3731 habet
555 3673 658 3748 homo,
681 3691 843 3752 corpora
865 3679 897 3734 et
917 3673 1075 3733 hominum
1097 3678 1130 3734 et
1143 3674 1314 3735 bestiarum
1328 3675 1362 3737 in
1376 3675 1440 3755 pul·

270 3795 374 3836 serem
396 3775 530 3834 dissolui.
935 3780 938 3784 “

355 3874 390 3954 3)
417 3877 561 3936 Eatenus
575 3859 786 3937 Ecclesiastes
812 3898 830 3936 a
856 3877 1017 3957 disciplina
1042 3876 1210 3956 antiquitus
1237 3877 1355 3941 tradite
1372 3897 1440 3941 ¹laon

270 4014 353 4023 ..n—-
375 4016 416 4021 ---
428 4014 472 4021 ...-

358 4079 432 4156 160)
460 4085 517 4141 Hoc
539 4086 601 4141 loco
623 4101 676 4141 non
703 4086 737 4141 de
759 4086 838 4142 animi
865 4088 940 4142 beata
968 4085 1161 4142 immortalitate
1183 4086 1243 4159 agi,
1264 4088 1383 4163 Ι111111
1408 4087 1440 4143 iis

272 4170 440 4243 perspicuum
464 4177 515 4239 111,
537 4187 604 4243 quae
627 4171 654 4225 in
675 4171 756 4242 prima
778 4179 854 4244 parte
876 4172 910 4227 de
925 4171 1033 4244 spiritus
1048 4177 1138 4227 natura
1153 4171 1358 4246 disputavimus.
1388 4174 1441 4230 Nec

272 4256 373 4326 minus,
396 4254 423 4310 id
445 4255 516 4324 quod
537 4255 719 4324 Heyderus
742 4258 775 4324 (1.
800 4274 824 4311 1.
847 4275 876 4328 p.
899 4252 968 4326 11.)
991 4263 1064 4312 recte
1086 4256 1207 4328 monuit,
1223 4273 1258 4313 en
1280 4259 1366 4314 lotias
1389 4257 1440 4317 loci

273 4337 323 4411 12,
347 4334 429 4395 1-7
451 4339 554 4396 ratione
570 4347 696 4413 apparet,
717 4341 907 4397 Ecclesiastem
930 4342 957 4398 in
978 4358 1003 4397 1.
1020 4337 1109 4397 7..·(11
1128 4344 1205 4398 11111
1226 4340 1442 4402 animi-immor·

272 4428 372 4483 talitatc
394 4440 447 4481 non
470 4424 622 4496 cogitasse,
636 4434 705 4481 nam¹
723 4427 837 4482 reditum
858 4427 964 4483 humani
985 4426 1092 4499 spiritns
1114 4426 1147 4482 ad
1168 4426 1252 4482 lle'um
1273 4444 1324 4500 pro
1345 4430 1441 4485 vani·

272 4512 355 4567 tatis
376 4509 510 4567 hominum
531 4518 686 4582 argumento
707 4512 765 4567 vult
785 4512 943 4568 haberis*-
959 4512 1042 4569 Etiam
1057 4512 1101 4584 iis,
1123 4512 1191 4585 quae
1207 4510 1236 4584 li,
1253 4509 1293 4569 lc
1309 4530 1353 4588 sq.
1371 4516 1444 4573 diota

273 4603 342 4665 sunl,
364 4612 427 4669 spes
448 4595 542 4651 bealae
564 4596 766 4654 immortalitatis
789 4598 946 4654 excluditur.
1129 4598 1132 4603 '
1391 4622 1395 4629 ·
