3150 5300
762 529 816 605 «10

204 754 273 806 ron,
297 737 396 815 frater
417 741 484 796 mata
504 736 537 795 ia
558 739 655 794 amate
675 733 752 810 Hor,
780 741 816 796 et
835 739 1093 815 corrompetur
1116 738 1171 793 est
1190 731 1239 791 ud
1256 733 1373 813 penti-

204 835 259 897 lea
279 835 463 917 suoa“⁸²).
485 873 529 885 -
564 838 649 915 Quae
671 857 690 898 a
710 838 862 898 nonnullis
891 837 963 917 (rid.
993 858 1021 899 e.
1043 855 1072 916 g.
1100 835 1162 896 lib.
1186 836 1297 896 Cosri
1323 835 1373 895 ed.

204 940 342 1000 Buxtori.
370 960 401 1019 p.
429 936 469 999 71
498 941 559 1020 sq.)
586 947 621 1001 ut
648 942 849 1002 clarissimum
876 941 946 1020 spei
970 939 1207 1000 immortalitatis
1232 940 1374 1000 testimo·

204 1043 287 1102 nium
310 1042 519 1104 afferebantur
539 1045 633 1104 rerba
654 1044 784 1105 Bileami
803 1042 908 1125 (Num.
929 1038 987 1117 23,
1015 1043 1068 1117 lo)
1089 1041 1252 1115 „moriotarr
1273 1041 1374 1100 aalma

203 1161 270 1205 arao
289 1150 381 1203 morte
391 1147 563 1227 jacetmaw
585 1153 656 1220 etc,
679 1166 717 1206 ea
738 1165 776 1206 ex
797 1144 1021 1207 recentioribus
1042 1144 1261 1223 interpretibus
1284 1161 1375 1203 nemo

204 1263 278 1306 sane
307 1246 339 1305 in
365 1246 445 1307 hanc
473 1247 655 1308 senteutiam
683 1246 789 1305 trahet
815 1246 868 1321 (cf.
891 1245 1206 1323 Hengstenberg,
1234 1244 1285 1305 die
1308 1244 1375 1304 Ge-

205 1348 347 1410 schichte
376 1349 509 1409 llileams
530 1368 561 1428 p.
583 1343 626 1407 95
653 1350 723 1425 sep).
768 1346 899 1406 Ceteros
927 1346 1026 1419 locos,
1062 1346 1115 1424 qui
1142 1345 1234 1407 simili
1255 1347 1375 1407 ratione

204 1471 367 1531 perperam
389 1451 532 1530 explicati
546 1454 627 1525 sunt,
649 1447 826 1528 singillatim
841 1466 1008 1508 recensere
1024 1466 1281 1527 supervacaneum
1304 1468 1375 1509 cen-

205 1572 260 1614 seo
276 1551 334 1633 ⁸³).

290 1650 325 1734 3)
347 1653 551 1715 Nihilominus
573 1652 694 1713 inerant
708 1652 741 1712 in
754 1652 924 1715 Mosaismo
945 1653 1031 1732 quasi
1053 1652 1182 1727 radices,
1206 1653 1376 1732 exquibus

203 1756 374 1837 perfectior
399 1776 502 1816 rerum
531 1760 603 1834 post
630 1762 762 1818 mortem
790 1756 961 1817 futurarum
989 1756 1118 1815 scientia
1145 1760 1267 1834 poterat
1292 1757 1375 1816 oriri.

203 1858 290 1920 Haec
317 1857 399 1919 enim
427 1856 545 1917 duobus
578 1858 772 1936 potissimum
799 1860 909 1919 nititur
935 1857 1158 1932 fundamentis,
1194 1856 1377 1936 perfectiori

204 1958 262 2020 Dei
293 1964 326 2018 et
352 1957 532 2038 perfectiori
561 1959 696 2021 hominis
723 1962 865 2023 notione:
901 1967 1062 2039 utramque
1089 1979 1162 2020 vero
1190 1959 1376 2021 Mosaismns

204 2058 352 2121 exhibuit.
404 2060 520 2121 Deum
548 2063 631 2124 enim
658 2063 751 2125 docet
777 2065 1020 2144 omnipotentem
1049 2080 1135 2137 esse,
1169 2062 1267 2122 omnis
1296 2063 1377 2123 ritae

290 2298 343 2376 82)
366 2302 536 2379 Quantopere
557 2305 652 2362 Judaei
673 2305 832 2376 studuerint,
854 2305 936 2362 lloais
952 2305 1051 2361 exitam
1073 2305 1253 2377 augustiorem
1276 2304 1376 2377 tacere,

201 2388 256 2459 jam
278 2406 313 2444 ex
333 2390 392 2445 loa.
415 2391 479 2445 Aut.
500 2388 547 2460 IV,
570 2386 600 2446 8.
623 2385 674 2446 48.
696 2390 811 2463 intelligi
832 2397 931 2463 potest.
960 2391 1022 2463 lpse
1043 2397 1130 2446 tamen
1151 2391 1285 2463 Josephus
1308 2408 1377 2463 eam,

203 2491 280 2545 qoam
302 2492 380 2547 supra
402 2475 673 2545 commemoravimus,
694 2475 749 2531 loci
769 2476 847 2532 Dent.
871 2471 922 2545 32,
945 2471 996 2531 50.
1017 2475 1262 2548 interpretationem
1282 2478 1378 2548 procul

203 2560 292 2616 habet.
336 2560 483 2632 Distingoit
504 2560 573 2616 enim
595 2576 668 2616 suam
690 2560 864 2616 narrationem
880 2578 894 2616 a
909 2560 964 2617 loci
985 2560 1056 2616 illius
1078 2562 1223 2618 sententia:
1246 2560 1377 2631 „taraus

204 2644 255 2709 (so.
282 2646 384 2718 lloses)
413 2640 525 2707 d’ma’ro‘v
552 2644 584 2701 ἐν
611 2651 671 2705 ταῖς
693 2646 783 2713 ἱεραῖς
804 2648 906 2718 βίβλοις
934 2651 1092 2714 τεθνεῶτα,
1128 2649 1236 2715 δείσας,
1273 2648 1311 2717 μὴ
1342 2647 1377 2703 δι’

203 2726 364 2802 ὑπερβολὴν
394 2735 444 2800 τῆς
475 2730 541 2800 περὶ
572 2726 660 2786 αὐτὸν
686 2732 790 2799 ἀρετῆς
814 2733 884 2801 πρὸς
911 2733 942 2788 τὸ
968 2737 1053 2788 θεῖον
1083 2731 1170 2789 αὐτὸν
1199 2729 1378 2803 ἀναχωρῆσαι

203 2813 374 2885 τολμήσωσιν
397 2817 519 2871 stactae
540 2845 583 2856 -
617 2815 797 2871 Posteriorum
817 2816 978 2874 ludaeorum
1006 2817 1109 2873 fabulae
1131 2817 1164 2873 de
1187 2824 1271 2873 morte
1293 2819 1378 2874 llosis

204 2909 340 2956 enarratae
361 2907 423 2956 sunt
443 2899 470 2954 in
491 2899 560 2955 libro
574 2899 711 2955 rabbioico
733 2897 774 2956 de
793 2897 857 2957 aito
877 2903 907 2957 et
925 2905 1017 2958 morte
1031 2897 1134 2968 Masis,
1157 2918 1235 2974 quem
1258 2919 1293 2956 ex
1315 2903 1377 2958 Gil-

203 2986 274 3041 berti
301 2986 380 3047 latina
408 2983 626 3057 interpretatione
653 2984 748 3040 iterum
770 2985 855 3043 edidit
876 2986 985 3044 Girttrer
1012 2987 1039 3042 iu
1059 2988 1154 3060 proph.
1177 2994 1231 3043 vet.
1254 2987 1377 3060 pseude-

192 3071 273 3145 pigr.
296 3090 323 3145 p.
339 3065 411 3136 361,

289 3184 341 3262 83)
368 3188 486 3247 ludaeos
507 3190 651 3261 theologos
680 3188 759 3247 etiam
785 3189 1008 3249 resurrectionem
1035 3195 1195 3244 mortuomm
1218 3203 1253 3240 ex
1273 3187 1376 3241 Penta-

203 3275 301 3331 teucho
324 3275 496 3346 comprobare
519 3280 630 3329 conatos
652 3291 714 3329 esse
737 3282 862 3345 constat,
890 3272 972 3345 quid?
999 3271 1142 3336 affirmant,
1170 3270 1316 3327 doctrinam
1339 3272 1377 3328 de

202 3358 400 3415 resurrectione
426 3358 463 3413 ita
491 3375 553 3414 esse
581 3376 659 3414 unum
688 3376 723 3415 ex
742 3357 919 3415 'fundamentis
941 3355 1025 3428 legis,
1054 3355 1128 3412 atsi
1151 3356 1225 3427 quis,
1254 3356 1377 3428 quamvis

203 3444 256 3517 ipsi
277 3443 383 3500 omnino
406 3443 440 3498 de
462 3443 506 3498 illa
533 3459 687 3516 persuasum
709 3444 759 3508 sit,
787 3450 874 3499 tamen
896 3441 1045 3514 negaverit,
1074 3458 1131 3497 eam
1159 3458 1221 3496 esse
1244 3441 1375 3513 exlege,

203 3529 319 3586 infidelis
342 3528 425 3582 instar
445 3529 581 3583 habendus
603 3528 646 3584 sit.
692 3523 964 3599 (comoediam.
984 3528 1084 3602 praef.
1107 3523 1152 3582 od
1171 3528 1255 3581 tract.
1279 3521 1375 3582 Saalr.

204 3615 235 3670 c.
260 3609 299 3669 10
323 3613 367 3681 [al.
394 3607 455 3682 11],
478 3610 573 3669 Porto
593 3609 689 3670 Moris
711 3610 758 3679 ed.
780 3609 905 3671 Pococlt
925 3631 953 3685 p.
977 3608 1038 3668 157
1066 3620 1095 3669 et
1115 3611 1271 3684 praesertim
1292 3612 1375 3668 verba

204 3694 244 3756 R.
265 3692 367 3754 hodae
396 3692 536 3753 Zaborac
562 3697 631 3770 apud
656 3693 842 3755 Pacoclrium
869 3695 902 3752 io
927 3698 986 3752 not.
1015 3694 1098 3757 misc.
1128 3690 1172 3757 od
1194 3697 1273 3768 port.
1296 3691 1366 3752 Mos

203 3801 231 3856 p.
255 3779 321 3858 98).
365 3782 561 3838 concesserunt
582 3790 683 3850 tamen,
711 3783 780 3838 hanc
802 3783 947 3843 doctrinam
977 3780 1060 3845 tuisse
1082 3781 1108 3835 in
1131 3779 1265 3848 mysteriis
1293 3780 1375 3852 legis,

205 3884 272 3940 quae
293 3866 345 3922 uisi
367 3884 382 3921 a
403 3868 576 3940 prudentibus
598 3867 654 3923 erui
675 3882 728 3922 nou
750 3875 863 3940 possent
878 3867 923 3937 (ci.
939 3865 1095 3938 praesertim
1110 3865 1190 3919 verba
1207 3859 1245 3920 R..
1257 3859 1377 3920 Bechoi

204 3951 274 4024 apud
295 3945 570 4027 Eiscnmeaperam,
598 3947 677 4006 catal.
699 3946 843 4008 Jadmtt.
871 3952 900 4006 T.
922 3951 956 4006 ll.
990 3967 1018 4022 p.
1041 3945 1100 4004 891
1126 3949 1188 4021 sq.).
1216 3979 1259 3990 -
1295 3951 1376 4005 llulta

206 4043 375 4109 argumenta,
398 4053 465 4107 quae
486 4037 657 4093 subtilitatem
679 4053 751 4091 mere
772 4035 935 4092 rabbinicam
956 4034 1091 4099 redolent,
1120 4035 1232 4090 collecta
1254 4034 1376 4109 reperies

86 4167 90 4178 .
133 4181 135 4184 ,
204 4121 232 4177 ἰιι
253 4114 416 4194 Exceptis
441 4114 596 4191 Gamerae,
619 4137 686 4192 quae
706 4114 736 4176 J.
762 4104 845 4175 coco
866 4118 1020 4176 tractatibus
1042 4113 1212 4174 Sonledrin
1239 4125 1268 4174 et
1288 4114 1375 4174 Mac·

205 4200 273 4263 cort
295 4222 310 4259 a
332 4222 362 4260 se
384 4205 462 4262 editis
485 4201 591 4277 (1629)
618 4196 744 4261 annexuit
764 4202 802 4277 (p.
826 4200 887 4261 305
910 4201 974 4276 sip),
998 4205 1067 4274 apud
1094 4194 1296 4260 Weatetaiam
1319 4202 1374 4275 (ad.

170 4365 173 4371 Ι
203 4291 296 4347 Matth.
319 4283 376 4359 22,
398 4285 456 4364 32)
483 4297 511 4347 et
539 4290 567 4345 tn
596 4285 740 4371 Dorionis·
770 4297 903 4359 naraon
928 4296 1049 4358 munst
1071 4298 1136 4358 rao
1165 4289 1254 4345 tfiteo.
1280 4283 1374 4345 1675.

204 4373 276 4449 psat
299 4390 340 4446 sq.
385 4375 517 4451 Quaedam
546 4383 610 4430 non'
626 4374 704 4447 plane
732 4372 924 4429 contemnenda
946 4379 1021 4438 sunt,
1049 4390 1073 4428 e.
1097 4391 1124 4445 g.
1148 4391 1215 4446 quae
1237 4389 1272 4428 ex
1293 4373 1374 4430 lleut.

204 4456 257 4530 32,
281 4454 331 4515 39.
353 4460 439 4515 Exod.
463 4454 492 4528 6,
515 4457 544 4514 4.
567 4461 646 4516 Dent.
670 4452 721 4531 ll,
741 4454 793 4513 21.
816 4464 978 4530 repetuntur.
1016 4458 1069 4514 Sed
1092 4458 1199 4515 multum
1220 4458 1247 4514 io
1268 4473 1303 4514 eo
1325 4474 1375 4515 er-

204 4552 271 4609 rant,
294 4545 366 4616 quod
387 4560 454 4617 quae
476 4544 609 4616 dogmatis
630 4545 665 4600 de
686 4543 883 4602 resurrectione
904 4543 980 4618 quasi
1001 4545 1100 4601 semina
1123 4551 1191 4611 aaut,
1216 4558 1266 4616 pro
1287 4540 1376 4619 ipsius

197 4629 337 4701 doqmatis
352 4629 463 4688 indiciis
483 4630 592 4688 habent.
1028 4658 1031 4663 ·
