<?xml version="1.0" encoding="UTF-8"?>
<!DOCTYPE html PUBLIC "-//W3C//DTD XHTML 1.0 Transitional//EN"
    "http://www.w3.org/TR/xhtml1/DTD/xhtml1-transitional.dtd">
<html xmlns="http://www.w3.org/1999/xhtml" xml:lang="en" lang="en">
 <head>
  <title>
</title>
<meta http-equiv="Content-Type" content="text/html;charset=utf-8" />
  <meta name='ocr-system' content='tesseract 3.04.00' />
  <meta name='ocr-capabilities' content='ocr_page ocr_carea ocr_par ocr_line ocrx_word'/>
</head>
<body>
  <div class='ocr_page' id='page_1' title='image "./veteristestamen00oehlgoog_0085.png"; bbox 0 0 3150 5300; ppageno 0'>
   <div class='ocr_carea' id='block_1_1' title="bbox 763 504 807 576">
    <p class='ocr_par' dir='ltr' id='par_1_1' title="bbox 763 504 807 576">
     <span class='ocr_line' id='line_1_1' title="bbox 763 504 807 576; baseline -0.023 0"><span class='ocrx_word' id='word_1_1' title='bbox 763 504 807 576; x_wconf 94' lang='grc'><strong>71</strong></span> 
     </span>
    </p>
   </div>
   <div class='ocr_carea' id='block_1_2' title="bbox 197 707 1371 2117">
    <p class='ocr_par' dir='ltr' id='par_1_2' title="bbox 197 707 1371 1608">
     <span class='ocr_line' id='line_1_2' title="bbox 197 707 1367 790; baseline -0.002 -22"><span class='ocrx_word' id='word_1_2' title='bbox 197 707 259 770; x_wconf 85' lang='grc' dir='ltr'><strong>1)ιί</strong></span> <span class='ocrx_word' id='word_1_3' title='bbox 279 708 422 769; x_wconf 84' lang='lat' dir='ltr'>auxilium</span> <span class='ocrx_word' id='word_1_4' title='bbox 442 727 477 770; x_wconf 92' lang='lat' dir='ltr'>se</span> <span class='ocrx_word' id='word_1_5' title='bbox 497 708 609 788; x_wconf 80' lang='lat' dir='ltr'>insigni</span> <span class='ocrx_word' id='word_1_6' title='bbox 630 708 722 769; x_wconf 93' lang='lat' dir='ltr'>modo</span> <span class='ocrx_word' id='word_1_7' title='bbox 736 716 918 790; x_wconf 82' lang='lat' dir='ltr'>experturos</span> <span class='ocrx_word' id='word_1_8' title='bbox 934 727 1015 786; x_wconf 84' lang='lat' dir='ltr'>esse,</span> <span class='ocrx_word' id='word_1_9' title='bbox 1037 708 1194 789; x_wconf 89' lang='lat' dir='ltr'>improbos</span> <span class='ocrx_word' id='word_1_10' title='bbox 1212 727 1286 771; x_wconf 87' lang='lat' dir='ltr'>vero</span> <span class='ocrx_word' id='word_1_11' title='bbox 1302 707 1367 768; x_wconf 89' lang='lat' dir='ltr'>cito</span> 
     </span>
     <span class='ocr_line' id='line_1_3' title="bbox 198 809 1364 874; baseline -0.003 -3"><span class='ocrx_word' id='word_1_12' title='bbox 198 811 240 872; x_wconf 96' lang='lat' dir='ltr'>de</span> <span class='ocrx_word' id='word_1_13' title='bbox 261 810 394 872; x_wconf 79' lang='lat' dir='ltr'>fortunis</span> <span class='ocrx_word' id='word_1_14' title='bbox 416 812 555 873; x_wconf 92' lang='lat' dir='ltr'>omnibus</span> <span class='ocrx_word' id='word_1_15' title='bbox 577 811 771 873; x_wconf 82' lang='lat' dir='ltr'><strong>deturbatum</strong></span> <span class='ocrx_word' id='word_1_16' title='bbox 794 819 828 873; x_wconf 91' lang='lat' dir='ltr'>et</span> <span class='ocrx_word' id='word_1_17' title='bbox 850 812 889 874; x_wconf 94' lang='lat' dir='ltr'>de</span> <span class='ocrx_word' id='word_1_18' title='bbox 911 812 1013 874; x_wconf 90' lang='lat' dir='ltr'>medio</span> <span class='ocrx_word' id='word_1_19' title='bbox 1036 813 1187 873; x_wconf 91' lang='lat' dir='ltr'>sublatum</span> <span class='ocrx_word' id='word_1_20' title='bbox 1209 810 1247 871; x_wconf 90' lang='lat' dir='ltr'>iri</span> <span class='ocrx_word' id='word_1_21' title='bbox 1270 809 1364 870; x_wconf 87' lang='lat' dir='ltr'>coufl-</span> 
     </span>
     <span class='ocr_line' id='line_1_4' title="bbox 199 913 1370 993; baseline -0.002 -20"><span class='ocrx_word' id='word_1_22' title='bbox 199 913 291 987; x_wconf 82' lang='lat' dir='ltr'>dunt3</span> <span class='ocrx_word' id='word_1_23' title='bbox 319 913 462 993; x_wconf 86' lang='lat' dir='ltr'>idemque</span> <span class='ocrx_word' id='word_1_24' title='bbox 483 914 616 974; x_wconf 88' lang='lat' dir='ltr'>firmiter</span> <span class='ocrx_word' id='word_1_25' title='bbox 635 920 760 989; x_wconf 79' lang='lat' dir='ltr'>tenent,</span> <span class='ocrx_word' id='word_1_26' title='bbox 788 915 881 975; x_wconf 88' lang='lat' dir='ltr'>etiam</span> <span class='ocrx_word' id='word_1_27' title='bbox 903 916 956 976; x_wconf 91' lang='lat' dir='ltr'>uhi</span> <span class='ocrx_word' id='word_1_28' title='bbox 977 916 1009 975; x_wconf 93' lang='lat' dir='ltr'>in</span> <span class='ocrx_word' id='word_1_29' title='bbox 1031 932 1180 975; x_wconf 90' lang='lat' dir='ltr'>summum</span> <span class='ocrx_word' id='word_1_30' title='bbox 1202 913 1370 973; x_wconf 74' lang='lat' dir='ltr'>discrimen</span> 
     </span>
     <span class='ocr_line' id='line_1_5' title="bbox 199 1014 1370 1098; baseline -0.002 -22"><span class='ocrx_word' id='word_1_31' title='bbox 199 1015 325 1077; x_wconf 81' lang='lat' dir='ltr'>addueti</span> <span class='ocrx_word' id='word_1_32' title='bbox 346 1022 426 1092; x_wconf 79' lang='lat' dir='ltr'>sunt,</span> <span class='ocrx_word' id='word_1_33' title='bbox 448 1036 508 1077; x_wconf 88' lang='lat' dir='ltr'>neo</span> <span class='ocrx_word' id='word_1_34' title='bbox 528 1017 591 1077; x_wconf 90' lang='lat' dir='ltr'>ulla</span> <span class='ocrx_word' id='word_1_35' title='bbox 612 1017 741 1097; x_wconf 85' lang='lat' dir='ltr'>amplius</span> <span class='ocrx_word' id='word_1_36' title='bbox 763 1018 831 1096; x_wconf 92' lang='lat' dir='ltr'>spei</span> <span class='ocrx_word' id='word_1_37' title='bbox 848 1018 934 1098; x_wconf 85' lang='lat' dir='ltr'>justa</span> <span class='ocrx_word' id='word_1_38' title='bbox 955 1017 1034 1077; x_wconf 88' lang='lat' dir='ltr'>ratio</span> <span class='ocrx_word' id='word_1_39' title='bbox 1057 1034 1220 1096; x_wconf 81' lang='lat' dir='ltr'>superesse</span> <span class='ocrx_word' id='word_1_40' title='bbox 1240 1014 1370 1075; x_wconf 85' lang='lat' dir='ltr'>videtur.</span> 
     </span>
     <span class='ocr_line' id='line_1_6' title="bbox 201 1118 1371 1199; baseline -0.003 -19"><span class='ocrx_word' id='word_1_41' title='bbox 201 1151 240 1164; x_wconf 93' lang='lat'>—</span> <span class='ocrx_word' id='word_1_42' title='bbox 262 1118 331 1180; x_wconf 89' lang='lat' dir='ltr'>Hae</span> <span class='ocrx_word' id='word_1_43' title='bbox 353 1124 459 1179; x_wconf 86' lang='lat' dir='ltr'>eutem</span> <span class='ocrx_word' id='word_1_44' title='bbox 480 1138 515 1181; x_wconf 90' lang='lat' dir='ltr'>re</span> <span class='ocrx_word' id='word_1_45' title='bbox 537 1125 572 1180; x_wconf 88' lang='lat' dir='ltr'>ut</span> <span class='ocrx_word' id='word_1_46' title='bbox 594 1119 633 1181; x_wconf 89' lang='lat' dir='ltr'>de</span> <span class='ocrx_word' id='word_1_47' title='bbox 655 1120 771 1199; x_wconf 90' lang='lat' dir='ltr'>pietate</span> <span class='ocrx_word' id='word_1_48' title='bbox 794 1138 900 1180; x_wconf 90' lang='lat' dir='ltr'>eorum</span> <span class='ocrx_word' id='word_1_49' title='bbox 915 1118 1028 1198; x_wconf 90' lang='lat' dir='ltr'>aliquid</span> <span class='ocrx_word' id='word_1_50' title='bbox 1043 1119 1231 1193; x_wconf 79' lang='lat' dir='ltr'>detrahatur,</span> <span class='ocrx_word' id='word_1_51' title='bbox 1253 1122 1371 1177; x_wconf 90' lang='lat' dir='ltr'>tantum</span> 
     </span>
     <span class='ocr_line' id='line_1_7' title="bbox 201 1218 1370 1302; baseline -0.002 -21"><span class='ocrx_word' id='word_1_52' title='bbox 201 1219 306 1295; x_wconf 76' lang='lat' dir='ltr'>abest,</span> <span class='ocrx_word' id='word_1_53' title='bbox 328 1227 363 1281; x_wconf 88' lang='lat' dir='ltr'>nt</span> <span class='ocrx_word' id='word_1_54' title='bbox 384 1222 461 1282; x_wconf 86' lang='lat' dir='ltr'>nihil</span> <span class='ocrx_word' id='word_1_55' title='bbox 482 1221 551 1282; x_wconf 84' lang='lat' dir='ltr'>fere</span> <span class='ocrx_word' id='word_1_56' title='bbox 574 1222 630 1296; x_wconf 79' lang='lat' dir='ltr'>sit,</span> <span class='ocrx_word' id='word_1_57' title='bbox 653 1241 691 1283; x_wconf 84' lang='lat' dir='ltr'>ex</span> <span class='ocrx_word' id='word_1_58' title='bbox 713 1240 773 1300; x_wconf 91' lang='lat' dir='ltr'>qno</span> <span class='ocrx_word' id='word_1_59' title='bbox 795 1222 891 1302; x_wconf 81' lang='lat' dir='ltr'>magis</span> <span class='ocrx_word' id='word_1_60' title='bbox 913 1223 1044 1297; x_wconf 80' lang='lat' dir='ltr'>eluceat,</span> <span class='ocrx_word' id='word_1_61' title='bbox 1067 1226 1209 1300; x_wconf 78' lang='lat' dir='ltr'>quantam</span> <span class='ocrx_word' id='word_1_62' title='bbox 1226 1219 1292 1300; x_wconf 85' lang='lat' dir='ltr'>jam</span> <span class='ocrx_word' id='word_1_63' title='bbox 1313 1218 1370 1279; x_wconf 89' lang='lat' dir='ltr'>sub</span> 
     </span>
     <span class='ocr_line' id='line_1_8' title="bbox 204 1320 1371 1403; baseline -0.001 -20"><span class='ocrx_word' id='word_1_64' title='bbox 204 1320 272 1384; x_wconf 76' lang='lat' dir='ltr'>vet.</span> <span class='ocrx_word' id='word_1_65' title='bbox 295 1322 499 1384; x_wconf 87' lang='lat' dir='ltr'>Testamenta</span> <span class='ocrx_word' id='word_1_66' title='bbox 526 1324 587 1384; x_wconf 85' lang='lat' dir='ltr'>vim</span> <span class='ocrx_word' id='word_1_67' title='bbox 608 1324 753 1384; x_wconf 91' lang='lat' dir='ltr'>habuerit</span> <span class='ocrx_word' id='word_1_68' title='bbox 778 1323 882 1403; x_wconf 82' lang='lat' dir='ltr'>plain</span> <span class='ocrx_word' id='word_1_69' title='bbox 904 1325 970 1385; x_wconf 85' lang='lat' dir='ltr'>Deo</span> <span class='ocrx_word' id='word_1_70' title='bbox 997 1324 1063 1383; x_wconf 73' lang='lat' dir='ltr'>vivo</span> <span class='ocrx_word' id='word_1_71' title='bbox 1090 1327 1125 1383; x_wconf 91' lang='lat' dir='ltr'>et</span> <span class='ocrx_word' id='word_1_72' title='bbox 1144 1322 1301 1401; x_wconf 83' lang='lat' dir='ltr'>praesenti</span> <span class='ocrx_word' id='word_1_73' title='bbox 1322 1341 1371 1383; x_wconf 92' lang='lat' dir='ltr'>re·</span> 
     </span>
     <span class='ocr_line' id='line_1_9' title="bbox 202 1425 1370 1505; baseline -0.005 -19"><span class='ocrx_word' id='word_1_74' title='bbox 202 1426 300 1504; x_wconf 82' lang='lat' dir='ltr'>posita</span> <span class='ocrx_word' id='word_1_75' title='bbox 320 1425 444 1501; x_wconf 72' lang='lat' dir='ltr'>fiducia,</span> <span class='ocrx_word' id='word_1_76' title='bbox 467 1446 556 1505; x_wconf 88' lang='lat' dir='ltr'>qnam</span> <span class='ocrx_word' id='word_1_77' title='bbox 577 1445 618 1487; x_wconf 94' lang='lat' dir='ltr'>ne</span> <span class='ocrx_word' id='word_1_78' title='bbox 632 1426 782 1487; x_wconf 82' lang='lat' dir='ltr'>maximae</span> <span class='ocrx_word' id='word_1_79' title='bbox 798 1426 921 1504; x_wconf 91' lang='lat' dir='ltr'>quidem</span> <span class='ocrx_word' id='word_1_80' title='bbox 936 1444 1100 1487; x_wconf 88' lang='lat' dir='ltr'>aerumnae</span> <span class='ocrx_word' id='word_1_81' title='bbox 1117 1428 1258 1487; x_wconf 84' lang='lat' dir='ltr'>evertere</span> <span class='ocrx_word' id='word_1_82' title='bbox 1279 1427 1370 1500; x_wconf 89' lang='lat' dir='ltr'>atque</span> 
     </span>
     <span class='ocr_line' id='line_1_10' title="bbox 203 1525 846 1608; baseline -0.002 -18"><span class='ocrx_word' id='word_1_83' title='bbox 203 1547 237 1590; x_wconf 82' lang='lat' dir='ltr'>ex</span> <span class='ocrx_word' id='word_1_84' title='bbox 259 1528 369 1588; x_wconf 86' lang='lat' dir='ltr'>animis</span> <span class='ocrx_word' id='word_1_85' title='bbox 391 1529 548 1607; x_wconf 78' lang='lat' dir='ltr'>potuerim</span> <span class='ocrx_word' id='word_1_86' title='bbox 570 1532 754 1608; x_wconf 86' lang='lat' dir='ltr'>extorquere</span> <span class='ocrx_word' id='word_1_87' title='bbox 776 1525 846 1607; x_wconf 67' lang='grc'>130).</span> 
     </span>
    </p>

    <p class='ocr_par' dir='ltr' id='par_1_3' title="bbox 202 1627 1371 2117">
     <span class='ocr_line' id='line_1_11' title="bbox 282 1627 1371 1711; baseline -0.004 -22"><span class='ocrx_word' id='word_1_88' title='bbox 282 1628 319 1705; x_wconf 92' lang='grc'><strong>1)</strong></span> <span class='ocrx_word' id='word_1_89' title='bbox 347 1630 552 1692; x_wconf 86' lang='lat' dir='ltr'>Nihilominus</span> <span class='ocrx_word' id='word_1_90' title='bbox 574 1632 679 1711; x_wconf 79' lang='lat' dir='ltr'>negari</span> <span class='ocrx_word' id='word_1_91' title='bbox 699 1650 761 1691; x_wconf 93' lang='lat' dir='ltr'>non</span> <span class='ocrx_word' id='word_1_92' title='bbox 782 1636 902 1711; x_wconf 81' lang='lat' dir='ltr'>potest,</span> <span class='ocrx_word' id='word_1_93' title='bbox 931 1628 1078 1691; x_wconf 79' lang='lat' dir='ltr'>Davidem</span> <span class='ocrx_word' id='word_1_94' title='bbox 1106 1627 1243 1705; x_wconf 86' lang='lat' dir='ltr'>aliosque</span> <span class='ocrx_word' id='word_1_95' title='bbox 1265 1643 1371 1686; x_wconf 82' lang='lat' dir='ltr'>servos</span> 
     </span>
     <span class='ocr_line' id='line_1_12' title="bbox 203 1727 1370 1813; baseline -0.004 -21"><span class='ocrx_word' id='word_1_96' title='bbox 203 1730 273 1807; x_wconf 79' lang='lat' dir='ltr'>hei,</span> <span class='ocrx_word' id='word_1_97' title='bbox 302 1733 425 1793; x_wconf 90' lang='lat' dir='ltr'>etiamsi</span> <span class='ocrx_word' id='word_1_98' title='bbox 446 1732 486 1793; x_wconf 91' lang='lat' dir='ltr'>de</span> <span class='ocrx_word' id='word_1_99' title='bbox 508 1733 637 1795; x_wconf 89' lang='lat' dir='ltr'>coelesti</span> <span class='ocrx_word' id='word_1_100' title='bbox 659 1734 780 1813; x_wconf 90' lang='lat' dir='ltr'>piorum</span> <span class='ocrx_word' id='word_1_101' title='bbox 800 1734 864 1793; x_wconf 81' lang='lat' dir='ltr'>vita</span> <span class='ocrx_word' id='word_1_102' title='bbox 890 1739 924 1793; x_wconf 91' lang='lat' dir='ltr'>et</span> <span class='ocrx_word' id='word_1_103' title='bbox 945 1731 985 1793; x_wconf 95' lang='lat' dir='ltr'>de</span> <span class='ocrx_word' id='word_1_104' title='bbox 1006 1732 1099 1792; x_wconf 88' lang='lat' dir='ltr'>beata</span> <span class='ocrx_word' id='word_1_105' title='bbox 1124 1730 1293 1790; x_wconf 87' lang='lat' dir='ltr'>animorum</span> <span class='ocrx_word' id='word_1_106' title='bbox 1315 1727 1370 1787; x_wconf 91' lang='lat' dir='ltr'>im·</span> 
     </span>
     <span class='ocr_line' id='line_1_13' title="bbox 202 1830 1371 1913; baseline -0.003 -20"><span class='ocrx_word' id='word_1_107' title='bbox 202 1834 389 1895; x_wconf 75' lang='lat' dir='ltr'>mortalhate</span> <span class='ocrx_word' id='word_1_108' title='bbox 417 1835 605 1913; x_wconf 82' lang='lat' dir='ltr'>exploratum</span> <span class='ocrx_word' id='word_1_109' title='bbox 632 1835 671 1894; x_wconf 88' lang='lat' dir='ltr'>iis</span> <span class='ocrx_word' id='word_1_110' title='bbox 699 1854 760 1895; x_wconf 95' lang='lat' dir='ltr'>non</span> <span class='ocrx_word' id='word_1_111' title='bbox 787 1834 898 1910; x_wconf 80' lang='lat' dir='ltr'>fuerit,</span> <span class='ocrx_word' id='word_1_112' title='bbox 925 1840 1030 1898; x_wconf 83' lang='lat' dir='ltr'>tamen</span> <span class='ocrx_word' id='word_1_113' title='bbox 1053 1830 1276 1913; x_wconf 88' lang='lat' dir='ltr'>quodammodo</span> <span class='ocrx_word' id='word_1_114' title='bbox 1303 1848 1371 1891; x_wconf 93' lang='lat' dir='ltr'>eam</span> 
     </span>
     <span class='ocr_line' id='line_1_14' title="bbox 203 1932 1371 2017; baseline -0.004 -22"><span class='ocrx_word' id='word_1_115' title='bbox 203 1937 424 2015; x_wconf 78' lang='lat' dir='ltr'>praesensisse,</span> <span class='ocrx_word' id='word_1_116' title='bbox 447 1938 545 1999; x_wconf 87' lang='lat' dir='ltr'>etita</span> <span class='ocrx_word' id='word_1_117' title='bbox 566 1938 698 2016; x_wconf 79' lang='lat' dir='ltr'>aliquem</span> <span class='ocrx_word' id='word_1_118' title='bbox 719 1937 854 1999; x_wconf 81' lang='lat' dir='ltr'>fructum</span> <span class='ocrx_word' id='word_1_119' title='bbox 876 1938 943 2017; x_wconf 83' lang='lat' dir='ltr'>ejus</span> <span class='ocrx_word' id='word_1_120' title='bbox 965 1935 1051 2015; x_wconf 91' lang='lat' dir='ltr'>quasi</span> <span class='ocrx_word' id='word_1_121' title='bbox 1071 1935 1265 2013; x_wconf 79' lang='lat' dir='ltr'>anticipasse.</span> <span class='ocrx_word' id='word_1_122' title='bbox 1307 1932 1371 1991; x_wconf 87' lang='lat' dir='ltr'>Res</span> 
     </span>
     <span class='ocr_line' id='line_1_15' title="bbox 202 2023 1368 2117; baseline -0.006 -17"><span class='ocrx_word' id='word_1_123' title='bbox 202 2023 284 2100; x_wconf 86' lang='lat' dir='ltr'>enim</span> <span class='ocrx_word' id='word_1_124' title='bbox 312 2040 356 2099; x_wconf 90' lang='lat' dir='ltr'>ita</span> <span class='ocrx_word' id='word_1_125' title='bbox 384 2058 419 2099; x_wconf 94' lang='lat' dir='ltr'>se</span> <span class='ocrx_word' id='word_1_126' title='bbox 447 2040 553 2100; x_wconf 88' lang='lat' dir='ltr'>habet.</span> <span class='ocrx_word' id='word_1_127' title='bbox 583 2072 619 2085; x_wconf 89' lang='lat'>—</span> <span class='ocrx_word' id='word_1_128' title='bbox 652 2040 737 2117; x_wconf 77' lang='lat' dir='ltr'>Quae</span> <span class='ocrx_word' id='word_1_129' title='bbox 765 2058 871 2102; x_wconf 87' lang='lat' dir='ltr'>servos</span> <span class='ocrx_word' id='word_1_130' title='bbox 893 2040 952 2101; x_wconf 88' lang='lat' dir='ltr'>Dei</span> <span class='ocrx_word' id='word_1_131' title='bbox 980 2036 1135 2099; x_wconf 80' lang='lat' dir='ltr'>excruciat</span> <span class='ocrx_word' id='word_1_132' title='bbox 1156 2034 1305 2097; x_wconf 79' lang='lat' dir='ltr'>dubitatio</span> <span class='ocrx_word' id='word_1_133' title='bbox 1332 2052 1368 2094; x_wconf 86' lang='lat' dir='ltr'>aa</span> 
     </span>
    </p>
   </div>
   <div class='ocr_carea' id='block_1_3' title="bbox 192 2262 1387 3446">
    <p class='ocr_par' dir='ltr' id='par_1_4' title="bbox 192 2262 1387 3446">
     <span class='ocr_line' id='line_1_16' title="bbox 200 2262 1370 2339; baseline -0.005 -17"><span class='ocrx_word' id='word_1_134' title='bbox 200 2264 295 2322; x_wconf 88' lang='lat' dir='ltr'>denter</span> <span class='ocrx_word' id='word_1_135' title='bbox 314 2265 433 2338; x_wconf 91' lang='lat' dir='ltr'>pluribus</span> <span class='ocrx_word' id='word_1_136' title='bbox 453 2264 523 2321; x_wconf 88' lang='lat' dir='ltr'>locis</span> <span class='ocrx_word' id='word_1_137' title='bbox 543 2266 727 2339; x_wconf 80' lang='lat' dir='ltr'>redarguitur,</span> <span class='ocrx_word' id='word_1_138' title='bbox 750 2266 797 2323; x_wconf 87' lang='lat' dir='ltr'>ubi</span> <span class='ocrx_word' id='word_1_139' title='bbox 818 2267 912 2324; x_wconf 85' lang='lat' dir='ltr'>eadem</span> <span class='ocrx_word' id='word_1_140' title='bbox 933 2266 1069 2324; x_wconf 81' lang='lat' dir='ltr'>locutione</span> <span class='ocrx_word' id='word_1_141' title='bbox 1090 2264 1160 2321; x_wconf 87' lang='lat' dir='ltr'>haud</span> <span class='ocrx_word' id='word_1_142' title='bbox 1182 2262 1263 2319; x_wconf 91' lang='lat' dir='ltr'>duhie</span> <span class='ocrx_word' id='word_1_143' title='bbox 1283 2264 1370 2318; x_wconf 86' lang='lat' dir='ltr'>haee</span> 
     </span>
     <span class='ocr_line' id='line_1_17' title="bbox 200 2341 1369 2425; baseline -0.003 -19"><span class='ocrx_word' id='word_1_144' title='bbox 200 2357 307 2420; x_wconf 76' lang='lat' dir='ltr'>terra,</span> <span class='ocrx_word' id='word_1_145' title='bbox 331 2350 373 2405; x_wconf 85' lang='lat' dir='ltr'>oui</span> <span class='ocrx_word' id='word_1_146' title='bbox 396 2350 480 2405; x_wconf 87' lang='lat' dir='ltr'>Oreus</span> <span class='ocrx_word' id='word_1_147' title='bbox 501 2358 531 2407; x_wconf 92' lang='lat' dir='ltr'>ut</span> <span class='ocrx_word' id='word_1_148' title='bbox 551 2353 632 2408; x_wconf 82' lang='lat' dir='ltr'>terro</span> <span class='ocrx_word' id='word_1_149' title='bbox 652 2347 811 2409; x_wconf 74' lang='lat' dir='ltr'>oblivionis</span> <span class='ocrx_word' id='word_1_150' title='bbox 832 2350 886 2425; x_wconf 85' lang='lat' dir='ltr'>(Ps.</span> <span class='ocrx_word' id='word_1_151' title='bbox 908 2347 1037 2420; x_wconf 85' lang='lat'>88,13.)</span> <span class='ocrx_word' id='word_1_152' title='bbox 1059 2351 1104 2407; x_wconf 86' lang='lat' dir='ltr'>vel</span> <span class='ocrx_word' id='word_1_153' title='bbox 1126 2351 1206 2405; x_wconf 77' lang='lat' dir='ltr'>terra</span> <span class='ocrx_word' id='word_1_154' title='bbox 1227 2341 1369 2421; x_wconf 74' lang='lat' dir='ltr'>callyinls</span> 
     </span>
     <span class='ocr_line' id='line_1_18' title="bbox 200 2428 1368 2510; baseline -0.005 -17"><span class='ocrx_word' id='word_1_155' title='bbox 200 2436 281 2504; x_wconf 83' lang='lat' dir='ltr'>(lob.</span> <span class='ocrx_word' id='word_1_156' title='bbox 308 2430 362 2505; x_wconf 88' lang='grc'>19,</span> <span class='ocrx_word' id='word_1_157' title='bbox 384 2431 456 2510; x_wconf 89' lang='grc'><strong>11.)</strong></span> <span class='ocrx_word' id='word_1_158' title='bbox 478 2436 636 2510; x_wconf 87' lang='lat' dir='ltr'>opponitur,</span> <span class='ocrx_word' id='word_1_159' title='bbox 664 2437 842 2510; x_wconf 81' lang='lat' dir='ltr'>significatur:</span> <span class='ocrx_word' id='word_1_160' title='bbox 871 2436 926 2492; x_wconf 86' lang='lat' dir='ltr'>vid.</span> <span class='ocrx_word' id='word_1_161' title='bbox 948 2436 1007 2492; x_wconf 85' lang='lat' dir='ltr'>les.</span> <span class='ocrx_word' id='word_1_162' title='bbox 1030 2431 1081 2506; x_wconf 87' lang='lat'>38,</span> <span class='ocrx_word' id='word_1_163' title='bbox 1107 2430 1154 2491; x_wconf 93' lang='grc'>11.</span> <span class='ocrx_word' id='word_1_164' title='bbox 1179 2428 1229 2504; x_wconf 83' lang='grc'><strong>53,</strong></span> <span class='ocrx_word' id='word_1_165' title='bbox 1253 2428 1282 2489; x_wconf 91' lang='grc'>8.</span> <span class='ocrx_word' id='word_1_166' title='bbox 1311 2432 1368 2488; x_wconf 85' lang='grc' dir='ltr'>1ιι.</span> 
     </span>
     <span class='ocr_line' id='line_1_19' title="bbox 201 2515 1367 2593; baseline -0.003 -16"><span class='ocrx_word' id='word_1_167' title='bbox 201 2518 252 2592; x_wconf 81' lang='lat' dir='ltr'>ll,</span> <span class='ocrx_word' id='word_1_168' title='bbox 278 2516 328 2576; x_wconf 90' lang='grc'><strong>19.</strong></span> <span class='ocrx_word' id='word_1_169' title='bbox 351 2522 449 2576; x_wconf 89' lang='lat' dir='ltr'>Ezeoh.</span> <span class='ocrx_word' id='word_1_170' title='bbox 472 2515 524 2593; x_wconf 88' lang='grc'>31,</span> <span class='ocrx_word' id='word_1_171' title='bbox 547 2516 598 2577; x_wconf 85' lang='grc'><strong>13.</strong></span> <span class='ocrx_word' id='word_1_172' title='bbox 621 2523 663 2578; x_wconf 78' lang='lat' dir='ltr'>rs.</span> <span class='ocrx_word' id='word_1_173' title='bbox 688 2518 739 2591; x_wconf 82' lang='grc'>51,</span> <span class='ocrx_word' id='word_1_174' title='bbox 762 2517 792 2577; x_wconf 87' lang='grc'>7.</span> <span class='ocrx_word' id='word_1_175' title='bbox 818 2516 887 2592; x_wconf 86' lang='grc'><strong>116,</strong></span> <span class='ocrx_word' id='word_1_176' title='bbox 911 2518 940 2578; x_wconf 88' lang='lat'>9.</span> <span class='ocrx_word' id='word_1_177' title='bbox 964 2552 1006 2562; x_wconf 92' lang='lat'>—</span> <span class='ocrx_word' id='word_1_178' title='bbox 1027 2520 1130 2590; x_wconf 90' lang='lat' dir='ltr'>Burk‚</span> <span class='ocrx_word' id='word_1_179' title='bbox 1153 2517 1246 2575; x_wconf 83' lang='lat' dir='ltr'>(inum.</span> <span class='ocrx_word' id='word_1_180' title='bbox 1270 2517 1304 2574; x_wconf 91' lang='lat' dir='ltr'>ad</span> <span class='ocrx_word' id='word_1_181' title='bbox 1325 2518 1367 2573; x_wconf 87' lang='lat' dir='ltr'>Ps.</span> 
     </span>
     <span class='ocr_line' id='line_1_20' title="bbox 199 2598 1371 2680; baseline -0.005 -17"><span class='ocrx_word' id='word_1_182' title='bbox 199 2600 251 2678; x_wconf 89' lang='grc'>17,</span> <span class='ocrx_word' id='word_1_183' title='bbox 277 2599 326 2662; x_wconf 92' lang='grc'><strong>13.</strong></span> <span class='ocrx_word' id='word_1_184' title='bbox 350 2605 386 2662; x_wconf 89' lang='lat' dir='ltr'>ita</span> <span class='ocrx_word' id='word_1_185' title='bbox 408 2606 512 2664; x_wconf 86' lang='lat' dir='ltr'>statuit:</span> <span class='ocrx_word' id='word_1_186' title='bbox 550 2609 650 2673; x_wconf 63' lang='lat' dir='ltr'>‚derra</span> <span class='ocrx_word' id='word_1_187' title='bbox 671 2602 831 2662; x_wconf 81' lang='lat' dir='ltr'>viventium</span> <span class='ocrx_word' id='word_1_188' title='bbox 852 2601 903 2664; x_wconf 82' lang='lat' dir='ltr'>ndi</span> <span class='ocrx_word' id='word_1_189' title='bbox 924 2599 1087 2662; x_wconf 82' lang='lat' dir='ltr'>antitheton</span> <span class='ocrx_word' id='word_1_190' title='bbox 1108 2606 1154 2660; x_wconf 84' lang='lat' dir='ltr'>est</span> <span class='ocrx_word' id='word_1_191' title='bbox 1172 2600 1217 2663; x_wconf 85' lang='lat' dir='ltr'>ad</span> <span class='ocrx_word' id='word_1_192' title='bbox 1237 2618 1295 2669; x_wconf 88' lang='lat' dir='ltr'>eos,</span> <span class='ocrx_word' id='word_1_193' title='bbox 1318 2598 1371 2680; x_wconf 82' lang='lat' dir='ltr'>qui</span> 
     </span>
     <span class='ocr_line' id='line_1_21' title="bbox 199 2685 1371 2768; baseline -0.003 -22"><span class='ocrx_word' id='word_1_194' title='bbox 199 2693 323 2748; x_wconf 78' lang='lat' dir='ltr'>snortern</span> <span class='ocrx_word' id='word_1_195' title='bbox 351 2695 505 2766; x_wconf 75' lang='lat' dir='ltr'>oppetere,</span> <span class='ocrx_word' id='word_1_196' title='bbox 533 2689 565 2747; x_wconf 86' lang='lat' dir='ltr'>in</span> <span class='ocrx_word' id='word_1_197' title='bbox 587 2689 737 2768; x_wconf 76' lang='lat' dir='ltr'>infernum</span> <span class='ocrx_word' id='word_1_198' title='bbox 759 2687 941 2749; x_wconf 74' lang='lat' dir='ltr'>descendere</span> <span class='ocrx_word' id='word_1_199' title='bbox 966 2687 1086 2757; x_wconf 81' lang='lat' dir='ltr'>debent,</span> <span class='ocrx_word' id='word_1_200' title='bbox 1115 2692 1160 2746; x_wconf 88' lang='lat' dir='ltr'>est</span> <span class='ocrx_word' id='word_1_201' title='bbox 1177 2685 1266 2768; x_wconf 79' lang='lat' dir='ltr'>hujus</span> <span class='ocrx_word' id='word_1_202' title='bbox 1292 2685 1371 2743; x_wconf 82' lang='lat' dir='ltr'>ottae</span> 
     </span>
     <span class='ocr_line' id='line_1_22' title="bbox 200 2769 1372 2854; baseline -0.003 -22"><span class='ocrx_word' id='word_1_203' title='bbox 200 2770 336 2833; x_wconf 81' lang='lat' dir='ltr'>mortalis</span> <span class='ocrx_word' id='word_1_204' title='bbox 357 2793 449 2833; x_wconf 78' lang='lat' dir='ltr'>nsnru</span> <span class='ocrx_word' id='word_1_205' title='bbox 471 2779 501 2833; x_wconf 90' lang='lat' dir='ltr'>et</span> <span class='ocrx_word' id='word_1_206' title='bbox 521 2775 712 2833; x_wconf 80' lang='lat' dir='ltr'>commoratio</span> <span class='ocrx_word' id='word_1_207' title='bbox 718 2794 727 2844; x_wconf 94' lang='grc'><strong>,·</strong></span> <span class='ocrx_word' id='word_1_208' title='bbox 749 2773 801 2833; x_wconf 83' lang='lat' dir='ltr'>nbi</span> <span class='ocrx_word' id='word_1_209' title='bbox 822 2794 892 2834; x_wconf 83' lang='lat' dir='ltr'>vero</span> <span class='ocrx_word' id='word_1_210' title='bbox 914 2773 953 2835; x_wconf 92' lang='lat' dir='ltr'>de</span> <span class='ocrx_word' id='word_1_211' title='bbox 966 2793 1021 2854; x_wconf 78' lang='lat' dir='ltr'>spe</span> <span class='ocrx_word' id='word_1_212' title='bbox 1034 2771 1173 2833; x_wconf 75' lang='lat' dir='ltr'>alterium</span> <span class='ocrx_word' id='word_1_213' title='bbox 1187 2790 1296 2839; x_wconf 81' lang='lat' dir='ltr'>eornm,</span> <span class='ocrx_word' id='word_1_214' title='bbox 1319 2769 1372 2850; x_wconf 81' lang='lat' dir='ltr'>qni</span> 
     </span>
     <span class='ocr_line' id='line_1_23' title="bbox 199 2856 1371 2933; baseline -0.003 -15"><span class='ocrx_word' id='word_1_215' title='bbox 199 2857 303 2918; x_wconf 75' lang='lat' dir='ltr'>addere</span> <span class='ocrx_word' id='word_1_216' title='bbox 324 2857 356 2916; x_wconf 83' lang='lat' dir='ltr'>in</span> <span class='ocrx_word' id='word_1_217' title='bbox 376 2856 434 2918; x_wconf 83' lang='lat' dir='ltr'>doe</span> <span class='ocrx_word' id='word_1_218' title='bbox 456 2858 526 2918; x_wconf 82' lang='lat' dir='ltr'>orde</span> <span class='ocrx_word' id='word_1_219' title='bbox 547 2859 657 2929; x_wconf 82' lang='lat' dir='ltr'>vivant,</span> <span class='ocrx_word' id='word_1_220' title='bbox 679 2857 846 2933; x_wconf 68' lang='lat' dir='ltr'>adhibetur,</span> <span class='ocrx_word' id='word_1_221' title='bbox 867 2866 949 2920; x_wconf 77' lang='lat' dir='ltr'>terra</span> <span class='ocrx_word' id='word_1_222' title='bbox 962 2860 1122 2918; x_wconf 73' lang='lat' dir='ltr'>viomadum</span> <span class='ocrx_word' id='word_1_223' title='bbox 1135 2858 1214 2916; x_wconf 72' lang='lat' dir='ltr'>vidue</span> <span class='ocrx_word' id='word_1_224' title='bbox 1233 2861 1371 2917; x_wconf 65' lang='lat' dir='ltr'>semmae</span> 
     </span>
     <span class='ocr_line' id='line_1_24' title="bbox 198 2941 1372 3004; baseline -0.004 0"><span class='ocrx_word' id='word_1_225' title='bbox 198 2962 322 3004; x_wconf 76' lang='lat' dir='ltr'>annam</span> <span class='ocrx_word' id='word_1_226' title='bbox 349 2947 379 3002; x_wconf 91' lang='lat' dir='ltr'>et</span> <span class='ocrx_word' id='word_1_227' title='bbox 398 2945 656 3003; x_wconf 76' lang='lat' dir='ltr'>eomrnroeationern</span> <span class='ocrx_word' id='word_1_228' title='bbox 683 2945 715 3002; x_wconf 82' lang='lat' dir='ltr'>in</span> <span class='ocrx_word' id='word_1_229' title='bbox 737 2945 866 3004; x_wconf 81' lang='lat' dir='ltr'>aeternis</span> <span class='ocrx_word' id='word_1_230' title='bbox 893 2941 1072 3004; x_wconf 76' lang='lat' dir='ltr'>habitaculis</span> <span class='ocrx_word' id='word_1_231' title='bbox 1099 2943 1273 3002; x_wconf 83' lang='lat' dir='ltr'>connotat.“</span> <span class='ocrx_word' id='word_1_232' title='bbox 1316 2943 1372 2999; x_wconf 89' lang='lat' dir='ltr'>Sed</span> 
     </span>
     <span class='ocr_line' id='line_1_25' title="bbox 199 3025 1371 3108; baseline -0.006 -18"><span class='ocrx_word' id='word_1_233' title='bbox 199 3034 253 3090; x_wconf 87' lang='lat' dir='ltr'>hoo</span> <span class='ocrx_word' id='word_1_234' title='bbox 275 3031 377 3105; x_wconf 87' lang='lat' dir='ltr'>ipsun,</span> <span class='ocrx_word' id='word_1_235' title='bbox 405 3031 432 3087; x_wconf 90' lang='lat' dir='ltr'>in</span> <span class='ocrx_word' id='word_1_236' title='bbox 452 3032 495 3088; x_wconf 90' lang='lat' dir='ltr'>Ps.</span> <span class='ocrx_word' id='word_1_237' title='bbox 519 3027 575 3102; x_wconf 88' lang='grc'>17,</span> <span class='ocrx_word' id='word_1_238' title='bbox 601 3028 649 3088; x_wconf 87' lang='grc'><strong>13.</strong></span> <span class='ocrx_word' id='word_1_239' title='bbox 672 3039 700 3089; x_wconf 94' lang='lat' dir='ltr'>et</span> <span class='ocrx_word' id='word_1_240' title='bbox 723 3028 798 3103; x_wconf 80' lang='grc'><strong>141,</strong></span> <span class='ocrx_word' id='word_1_241' title='bbox 821 3029 851 3088; x_wconf 87' lang='grc'>6.</span> <span class='ocrx_word' id='word_1_242' title='bbox 878 3029 943 3099; x_wconf 86' lang='lat' dir='ltr'>„de</span> <span class='ocrx_word' id='word_1_243' title='bbox 964 3047 1018 3108; x_wconf 78' lang='lat' dir='ltr'>spe</span> <span class='ocrx_word' id='word_1_244' title='bbox 1038 3025 1203 3086; x_wconf 82' lang='lat' dir='ltr'>alteriore“</span> <span class='ocrx_word' id='word_1_245' title='bbox 1225 3029 1285 3102; x_wconf 80' lang='lat' dir='ltr'>agi,</span> <span class='ocrx_word' id='word_1_246' title='bbox 1314 3034 1371 3084; x_wconf 85' lang='lat' dir='ltr'>erut</span> 
     </span>
     <span class='ocr_line' id='line_1_26' title="bbox 192 3112 1387 3191; baseline -0.005 -17"><span class='ocrx_word' id='word_1_247' title='bbox 192 3112 379 3191; x_wconf 80' lang='lat' dir='ltr'>probandum,</span> <span class='ocrx_word' id='word_1_248' title='bbox 402 3134 488 3190; x_wconf 90' lang='lat' dir='ltr'>neque</span> <span class='ocrx_word' id='word_1_249' title='bbox 510 3133 576 3174; x_wconf 87' lang='lat' dir='ltr'>vero</span> <span class='ocrx_word' id='word_1_250' title='bbox 597 3117 704 3191; x_wconf 86' lang='lat' dir='ltr'>probari</span> <span class='ocrx_word' id='word_1_251' title='bbox 725 3124 830 3190; x_wconf 85' lang='lat' dir='ltr'>potest,</span> <span class='ocrx_word' id='word_1_252' title='bbox 854 3135 932 3190; x_wconf 84' lang='lat' dir='ltr'>quum</span> <span class='ocrx_word' id='word_1_253' title='bbox 953 3117 980 3173; x_wconf 91' lang='lat' dir='ltr'>iu</span> <span class='ocrx_word' id='word_1_254' title='bbox 1002 3123 1114 3187; x_wconf 87' lang='lat' dir='ltr'>utroque</span> <span class='ocrx_word' id='word_1_255' title='bbox 1135 3115 1237 3187; x_wconf 90' lang='lat' dir='ltr'>psalmo</span> <span class='ocrx_word' id='word_1_256' title='bbox 1259 3113 1387 3189; x_wconf 83' lang='lat' dir='ltr'>alterum</span> 
     </span>
     <span class='ocr_line' id='line_1_27' title="bbox 200 3199 1369 3276; baseline -0.005 -17"><span class='ocrx_word' id='word_1_257' title='bbox 200 3202 267 3260; x_wconf 92' lang='lat' dir='ltr'>illud</span> <span class='ocrx_word' id='word_1_258' title='bbox 288 3202 436 3258; x_wconf 85' lang='lat' dir='ltr'>antitheton</span> <span class='ocrx_word' id='word_1_259' title='bbox 458 3203 503 3258; x_wconf 86' lang='lat' dir='ltr'>sit.</span> <span class='ocrx_word' id='word_1_260' title='bbox 545 3203 609 3258; x_wconf 85' lang='lat' dir='ltr'>llam</span> <span class='ocrx_word' id='word_1_261' title='bbox 631 3219 709 3274; x_wconf 90' lang='lat' dir='ltr'>qumn</span> <span class='ocrx_word' id='word_1_262' title='bbox 730 3210 806 3259; x_wconf 87' lang='lat' dir='ltr'>vates</span> <span class='ocrx_word' id='word_1_263' title='bbox 827 3210 933 3276; x_wconf 89' lang='lat' dir='ltr'>speret,</span> <span class='ocrx_word' id='word_1_264' title='bbox 961 3218 992 3258; x_wconf 95' lang='lat' dir='ltr'>se</span> <span class='ocrx_word' id='word_1_265' title='bbox 1014 3200 1064 3257; x_wconf 85' lang='lat' dir='ltr'>Dei</span> <span class='ocrx_word' id='word_1_266' title='bbox 1091 3199 1228 3256; x_wconf 74' lang='lat' dir='ltr'>auxilios</span> <span class='ocrx_word' id='word_1_267' title='bbox 1250 3204 1369 3269; x_wconf 88' lang='lat' dir='ltr'>morte,</span> 
     </span>
     <span class='ocr_line' id='line_1_28' title="bbox 201 3285 1370 3360; baseline -0.004 -18"><span class='ocrx_word' id='word_1_268' title='bbox 201 3304 278 3359; x_wconf 81' lang='lat' dir='ltr'>quam</span> <span class='ocrx_word' id='word_1_269' title='bbox 299 3288 444 3343; x_wconf 83' lang='lat' dir='ltr'>adversarii</span> <span class='ocrx_word' id='word_1_270' title='bbox 465 3288 609 3358; x_wconf 84' lang='lat' dir='ltr'>intentant,</span> <span class='ocrx_word' id='word_1_271' title='bbox 637 3295 770 3344; x_wconf 87' lang='lat' dir='ltr'>servatum</span> <span class='ocrx_word' id='word_1_272' title='bbox 791 3287 840 3360; x_wconf 91' lang='lat' dir='ltr'>iri,</span> <span class='ocrx_word' id='word_1_273' title='bbox 867 3287 1002 3360; x_wconf 86' lang='lat' dir='ltr'>sequitur,</span> <span class='ocrx_word' id='word_1_274' title='bbox 1025 3293 1055 3344; x_wconf 91' lang='lat' dir='ltr'>ut</span> <span class='ocrx_word' id='word_1_275' title='bbox 1074 3285 1108 3342; x_wconf 90' lang='lat' dir='ltr'>in</span> <span class='ocrx_word' id='word_1_276' title='bbox 1135 3286 1196 3341; x_wconf 83' lang='lat' dir='ltr'>hue</span> <span class='ocrx_word' id='word_1_277' title='bbox 1224 3289 1317 3341; x_wconf 85' lang='lat' dir='ltr'>terre</span> <span class='ocrx_word' id='word_1_278' title='bbox 1340 3299 1370 3338; x_wconf 90' lang='lat' dir='ltr'>se</span> 
     </span>
     <span class='ocr_line' id='line_1_29' title="bbox 201 3372 740 3446; baseline 0.002 -18"><span class='ocrx_word' id='word_1_279' title='bbox 201 3372 251 3429; x_wconf 83' lang='lat' dir='ltr'>Ilei</span> <span class='ocrx_word' id='word_1_280' title='bbox 272 3374 357 3446; x_wconf 81' lang='lat' dir='ltr'>gratia</span> <span class='ocrx_word' id='word_1_281' title='bbox 378 3373 534 3429; x_wconf 88' lang='lat' dir='ltr'>laetaturum</span> <span class='ocrx_word' id='word_1_282' title='bbox 555 3389 618 3429; x_wconf 87' lang='lat' dir='ltr'>esse</span> <span class='ocrx_word' id='word_1_283' title='bbox 638 3381 740 3446; x_wconf 88' lang='lat' dir='ltr'>speret.</span> 
     </span>
    </p>
   </div>
   <div class='ocr_carea' id='block_1_4' title="bbox 199 3483 1435 4155">
    <p class='ocr_par' dir='ltr' id='par_1_5' title="bbox 199 3483 1435 4155">
     <span class='ocr_line' id='line_1_30' title="bbox 289 3483 1369 3566; baseline -0.007 -18"><span class='ocrx_word' id='word_1_284' title='bbox 289 3487 363 3565; x_wconf 87' lang='grc'><strong>139)</strong></span> <span class='ocrx_word' id='word_1_285' title='bbox 386 3491 439 3562; x_wconf 75' lang='lat' dir='ltr'>(li,</span> <span class='ocrx_word' id='word_1_286' title='bbox 461 3509 529 3565; x_wconf 87' lang='lat' dir='ltr'>quae</span> <span class='ocrx_word' id='word_1_287' title='bbox 550 3491 814 3566; x_wconf 78' lang='lat' dir='ltr'>llengstenherg</span> <span class='ocrx_word' id='word_1_288' title='bbox 834 3491 863 3549; x_wconf 90' lang='lat' dir='ltr'>in</span> <span class='ocrx_word' id='word_1_289' title='bbox 884 3509 979 3549; x_wconf 86' lang='lat' dir='ltr'>eornm.</span> <span class='ocrx_word' id='word_1_290' title='bbox 1002 3491 1036 3546; x_wconf 90' lang='lat' dir='ltr'>ad</span> <span class='ocrx_word' id='word_1_291' title='bbox 1055 3490 1098 3545; x_wconf 90' lang='lat' dir='ltr'>Ps.</span> <span class='ocrx_word' id='word_1_292' title='bbox 1115 3483 1168 3559; x_wconf 87' lang='grc'>39,</span> <span class='ocrx_word' id='word_1_293' title='bbox 1184 3485 1213 3543; x_wconf 82' lang='lat'>5.</span> <span class='ocrx_word' id='word_1_294' title='bbox 1237 3486 1322 3560; x_wconf 78' lang='lat' dir='ltr'>(Toni.</span> <span class='ocrx_word' id='word_1_295' title='bbox 1335 3486 1369 3541; x_wconf 95' lang='lat' dir='ltr'>ll.</span> 
     </span>
     <span class='ocr_line' id='line_1_31' title="bbox 199 3563 1371 3651; baseline -0.008 -17"><span class='ocrx_word' id='word_1_296' title='bbox 199 3596 227 3651; x_wconf 92' lang='lat' dir='ltr'>p.</span> <span class='ocrx_word' id='word_1_297' title='bbox 251 3571 325 3650; x_wconf 78' lang='lat' dir='ltr'>ala)</span> <span class='ocrx_word' id='word_1_298' title='bbox 347 3578 399 3632; x_wconf 84' lang='lat' dir='ltr'>hae</span> <span class='ocrx_word' id='word_1_299' title='bbox 420 3576 455 3631; x_wconf 93' lang='lat' dir='ltr'>de</span> <span class='ocrx_word' id='word_1_300' title='bbox 476 3594 506 3631; x_wconf 89' lang='lat' dir='ltr'>re</span> <span class='ocrx_word' id='word_1_301' title='bbox 528 3577 685 3650; x_wconf 78' lang='lat' dir='ltr'>disputavit:</span> <span class='ocrx_word' id='word_1_302' title='bbox 712 3572 843 3644; x_wconf 80' lang='lat' dir='ltr'>„Dieser</span> <span class='ocrx_word' id='word_1_303' title='bbox 867 3568 983 3634; x_wconf 79' lang='lat' dir='ltr'>Glande</span> <span class='ocrx_word' id='word_1_304' title='bbox 1003 3591 1067 3631; x_wconf 79' lang='lat' dir='ltr'>was</span> <span class='ocrx_word' id='word_1_305' title='bbox 1087 3575 1173 3630; x_wconf 79' lang='lat' dir='ltr'>anter·</span> <span class='ocrx_word' id='word_1_306' title='bbox 1193 3569 1262 3628; x_wconf 88' lang='lat' dir='ltr'>dem</span> <span class='ocrx_word' id='word_1_307' title='bbox 1283 3563 1371 3626; x_wconf 77' lang='lat' dir='ltr'>Altera</span> 
     </span>
     <span class='ocr_line' id='line_1_32' title="bbox 203 3651 1435 3738; baseline -0.005 -22"><span class='ocrx_word' id='word_1_308' title='bbox 203 3657 370 3717; x_wconf 82' lang='lat' dir='ltr'>Testament</span> <span class='ocrx_word' id='word_1_309' title='bbox 391 3658 440 3716; x_wconf 83' lang='lat' dir='ltr'>ein</span> <span class='ocrx_word' id='word_1_310' title='bbox 461 3656 577 3718; x_wconf 80' lang='lat' dir='ltr'>blinder</span> <span class='ocrx_word' id='word_1_311' title='bbox 598 3660 640 3719; x_wconf 83' lang='lat' dir='ltr'>im</span> <span class='ocrx_word' id='word_1_312' title='bbox 658 3665 750 3738; x_wconf 71' lang='lat' dir='ltr'>palen</span> <span class='ocrx_word' id='word_1_313' title='bbox 770 3658 872 3718; x_wconf 83' lang='lat' dir='ltr'>Sinne.</span> <span class='ocrx_word' id='word_1_314' title='bbox 907 3656 999 3720; x_wconf 84' lang='lat' dir='ltr'>Wdre</span> <span class='ocrx_word' id='word_1_315' title='bbox 1020 3655 1077 3717; x_wconf 86' lang='lat' dir='ltr'>dus</span> <span class='ocrx_word' id='word_1_316' title='bbox 1095 3651 1183 3714; x_wconf 80' lang='lat' dir='ltr'>Ende</span> <span class='ocrx_word' id='word_1_317' title='bbox 1204 3653 1302 3714; x_wconf 83' lang='lat' dir='ltr'>dieses</span> <span class='ocrx_word' id='word_1_318' title='bbox 1324 3671 1370 3711; x_wconf 79' lang='lat' dir='ltr'>on·</span> <span class='ocrx_word' id='word_1_319' title='bbox 1431 3662 1435 3672; x_wconf 89' lang='grc'><strong>“</strong></span> 
     </span>
     <span class='ocr_line' id='line_1_33' title="bbox 202 3739 1372 3825; baseline -0.002 -26"><span class='ocrx_word' id='word_1_320' title='bbox 202 3760 269 3800; x_wconf 87' lang='lat' dir='ltr'>men</span> <span class='ocrx_word' id='word_1_321' title='bbox 290 3741 406 3802; x_wconf 78' lang='lat' dir='ltr'>hebens</span> <span class='ocrx_word' id='word_1_322' title='bbox 427 3742 485 3803; x_wconf 86' lang='lat' dir='ltr'>das</span> <span class='ocrx_word' id='word_1_323' title='bbox 505 3740 594 3802; x_wconf 76' lang='lat' dir='ltr'>Ende</span> <span class='ocrx_word' id='word_1_324' title='bbox 615 3744 671 3804; x_wconf 79' lang='lat' dir='ltr'>der</span> <span class='ocrx_word' id='word_1_325' title='bbox 695 3742 788 3825; x_wconf 71' lang='lat' dir='ltr'>Weye</span> <span class='ocrx_word' id='word_1_326' title='bbox 813 3739 915 3805; x_wconf 84' lang='lat' dir='ltr'>Gottes</span> <span class='ocrx_word' id='word_1_327' title='bbox 937 3744 991 3802; x_wconf 84' lang='lat' dir='ltr'>mit</span> <span class='ocrx_word' id='word_1_328' title='bbox 1009 3742 1070 3803; x_wconf 88' lang='lat' dir='ltr'>den</span> <span class='ocrx_word' id='word_1_329' title='bbox 1083 3739 1200 3808; x_wconf 78' lang='lat' dir='ltr'>Seium,</span> <span class='ocrx_word' id='word_1_330' title='bbox 1222 3739 1319 3799; x_wconf 87' lang='lat' dir='ltr'>denen</span> <span class='ocrx_word' id='word_1_331' title='bbox 1339 3756 1372 3797; x_wconf 86' lang='lat' dir='ltr'>er</span> 
     </span>
     <span class='ocr_line' id='line_1_34' title="bbox 202 3819 1373 3906; baseline -0.006 -20"><span class='ocrx_word' id='word_1_332' title='bbox 202 3845 237 3886; x_wconf 86' lang='lat' dir='ltr'>so</span> <span class='ocrx_word' id='word_1_333' title='bbox 259 3822 333 3883; x_wconf 79' lang='lat' dir='ltr'>niele</span> <span class='ocrx_word' id='word_1_334' title='bbox 361 3826 615 3906; x_wconf 73' lang='lat' dir='ltr'>Versielernnyen</span> <span class='ocrx_word' id='word_1_335' title='bbox 643 3830 740 3889; x_wconf 86' lang='lat' dir='ltr'>seiner</span> <span class='ocrx_word' id='word_1_336' title='bbox 760 3827 922 3890; x_wconf 78' lang='lat' dir='ltr'>zdrllr&#39;elten</span> <span class='ocrx_word' id='word_1_337' title='bbox 942 3824 1036 3887; x_wconf 81' lang='lat' dir='ltr'>Liebe</span> <span class='ocrx_word' id='word_1_338' title='bbox 1059 3823 1205 3904; x_wconf 71' lang='lat' dir='ltr'>pepehen,</span> <span class='ocrx_word' id='word_1_339' title='bbox 1231 3843 1264 3881; x_wconf 86' lang='lat' dir='ltr'>so</span> <span class='ocrx_word' id='word_1_340' title='bbox 1286 3819 1373 3882; x_wconf 80' lang='lat' dir='ltr'>liesse</span> 
     </span>
     <span class='ocr_line' id='line_1_35' title="bbox 201 3907 1372 3990; baseline -0.006 -19"><span class='ocrx_word' id='word_1_341' title='bbox 201 3907 267 3972; x_wconf 79' lang='lat' dir='ltr'>sled</span> <span class='ocrx_word' id='word_1_342' title='bbox 290 3909 342 3969; x_wconf 86' lang='lat' dir='ltr'>die</span> <span class='ocrx_word' id='word_1_343' title='bbox 355 3908 452 3971; x_wconf 68' lang='lat' dir='ltr'>Kline</span> <span class='ocrx_word' id='word_1_344' title='bbox 472 3911 624 3973; x_wconf 75' lang='lat' dir='ltr'>desselben</span> <span class='ocrx_word' id='word_1_345' title='bbox 645 3912 740 3975; x_wconf 83' lang='lat' dir='ltr'>sedon</span> <span class='ocrx_word' id='word_1_346' title='bbox 761 3934 802 3974; x_wconf 86' lang='lat' dir='ltr'>on</span> <span class='ocrx_word' id='word_1_347' title='bbox 821 3913 887 3974; x_wconf 82' lang='lat' dir='ltr'>sich</span> <span class='ocrx_word' id='word_1_348' title='bbox 900 3909 1217 3990; x_wconf 72' lang='lat' dir='ltr'>niedtreolztsertiyen,</span> <span class='ocrx_word' id='word_1_349' title='bbox 1238 3907 1303 3966; x_wconf 85' lang='lat' dir='ltr'>und</span> <span class='ocrx_word' id='word_1_350' title='bbox 1323 3926 1372 3966; x_wconf 88' lang='lat' dir='ltr'>am</span> 
     </span>
     <span class='ocr_line' id='line_1_36' title="bbox 202 3989 1371 4155; baseline -0.003 -17"><span class='ocrx_word' id='word_1_351' title='bbox 202 3995 712 4144; x_wconf 54' lang='lat' dir='ltr'>fflfttlsltdltlt&#39;ltt</span> <span class='ocrx_word' id='word_1_352' title='bbox 735 4001 794 4144; x_wconf 71' lang='lat' dir='ltr'>tl</span> <span class='ocrx_word' id='word_1_353' title='bbox 813 4000 880 4145; x_wconf 66' lang='lat' dir='ltr'>lit</span> <span class='ocrx_word' id='word_1_354' title='bbox 899 3989 1371 4155; x_wconf 63' lang='lat' dir='ltr'>fitttltlttdtlltl</span> 
     </span>
    </p>
   </div>
   <div class='ocr_carea' id='block_1_5' title="bbox 201 4160 1371 4504">
    <p class='ocr_par' dir='ltr' id='par_1_6' title="bbox 201 4160 1371 4504">
     <span class='ocr_line' id='line_1_37' title="bbox 203 4160 1371 4249; baseline -0.002 -27"><span class='ocrx_word' id='word_1_355' title='bbox 203 4162 269 4222; x_wconf 82' lang='lat' dir='ltr'>die</span> <span class='ocrx_word' id='word_1_356' title='bbox 296 4161 569 4246; x_wconf 73' lang='lat' dir='ltr'>Ledendlplceit</span> <span class='ocrx_word' id='word_1_357' title='bbox 595 4168 671 4229; x_wconf 85' lang='lat' dir='ltr'>und</span> <span class='ocrx_word' id='word_1_358' title='bbox 699 4168 805 4249; x_wconf 76' lang='lat' dir='ltr'>Tiefe</span> <span class='ocrx_word' id='word_1_359' title='bbox 838 4170 905 4230; x_wconf 89' lang='lat' dir='ltr'>des</span> <span class='ocrx_word' id='word_1_360' title='bbox 936 4165 1125 4228; x_wconf 85' lang='lat' dir='ltr'>Glanbens</span> <span class='ocrx_word' id='word_1_361' title='bbox 1158 4168 1266 4222; x_wconf 82' lang='lat' dir='ltr'>anter</span> <span class='ocrx_word' id='word_1_362' title='bbox 1292 4160 1371 4221; x_wconf 80' lang='lat' dir='ltr'>dent</span> 
     </span>
     <span class='ocr_line' id='line_1_38' title="bbox 202 4245 1369 4324; baseline -0.004 -16"><span class='ocrx_word' id='word_1_363' title='bbox 202 4245 240 4308; x_wconf 84' lang='lat' dir='ltr'>A.</span> <span class='ocrx_word' id='word_1_364' title='bbox 255 4245 306 4316; x_wconf 79' lang='grc' dir='ltr'><strong>Β,</strong></span> <span class='ocrx_word' id='word_1_365' title='bbox 329 4245 417 4306; x_wconf 84' lang='grc' dir='ltr'>ι1ιιι</span> <span class='ocrx_word' id='word_1_366' title='bbox 439 4269 476 4308; x_wconf 87' lang='grc' dir='ltr'>ιι·</span> <span class='ocrx_word' id='word_1_367' title='bbox 496 4272 541 4312; x_wconf 87' lang='lat' dir='ltr'>an</span> <span class='ocrx_word' id='word_1_368' title='bbox 563 4254 699 4314; x_wconf 79' lang='lat' dir='ltr'>diesem</span> <span class='ocrx_word' id='word_1_369' title='bbox 721 4252 881 4314; x_wconf 81' lang='lat' dir='ltr'>Anstoss</span> <span class='ocrx_word' id='word_1_370' title='bbox 902 4251 1069 4313; x_wconf 79' lang='lat' dir='ltr'>niellus</span> <span class='ocrx_word' id='word_1_371' title='bbox 1090 4246 1292 4309; x_wconf 80' lang='lat' dir='ltr'>Sedunden</span> <span class='ocrx_word' id='word_1_372' title='bbox 1312 4265 1369 4324; x_wconf 73' lang='lat' dir='ltr'>pe-</span> 
     </span>
     <span class='ocr_line' id='line_1_39' title="bbox 201 4328 1370 4409; baseline -0.01 -11"><span class='ocrx_word' id='word_1_373' title='bbox 201 4331 355 4394; x_wconf 76' lang='lat' dir='ltr'>worden</span> <span class='ocrx_word' id='word_1_374' title='bbox 376 4331 435 4391; x_wconf 73' lang='lat' dir='ltr'>isl-</span> <span class='ocrx_word' id='word_1_375' title='bbox 482 4333 564 4397; x_wconf 78' lang='lat' dir='ltr'>Wer</span> <span class='ocrx_word' id='word_1_376' title='bbox 590 4338 671 4400; x_wconf 86' lang='grc' dir='ltr'>ιίιΙι</span> <span class='ocrx_word' id='word_1_377' title='bbox 697 4338 856 4409; x_wconf 78' lang='lat' dir='ltr'>berndltt,</span> <span class='ocrx_word' id='word_1_378' title='bbox 883 4338 946 4400; x_wconf 83' lang='lat' dir='ltr'>die</span> <span class='ocrx_word' id='word_1_379' title='bbox 971 4336 1094 4396; x_wconf 78' lang='lat' dir='ltr'>wadre</span> <span class='ocrx_word' id='word_1_380' title='bbox 1115 4328 1308 4408; x_wconf 72' lang='lat' dir='ltr'>Saedlaye</span> <span class='ocrx_word' id='word_1_381' title='bbox 1330 4331 1370 4388; x_wconf 83' lang='lat' dir='ltr'>in</span> 
     </span>
     <span class='ocr_line' id='line_1_40' title="bbox 201 4413 1367 4504; baseline -0.007 -25"><span class='ocrx_word' id='word_1_382' title='bbox 201 4419 329 4479; x_wconf 80' lang='lat' dir='ltr'>dieser</span> <span class='ocrx_word' id='word_1_383' title='bbox 366 4414 582 4504; x_wconf 75' lang='lat' dir='ltr'>Bezieduny</span> <span class='ocrx_word' id='word_1_384' title='bbox 621 4445 661 4484; x_wconf 85' lang='lat' dir='ltr'>zu</span> <span class='ocrx_word' id='word_1_385' title='bbox 697 4422 895 4484; x_wconf 84' lang='lat' dir='ltr'>entstellen</span> <span class='ocrx_word' id='word_1_386' title='bbox 938 4421 1029 4483; x_wconf 80' lang='lat' dir='ltr'>oder</span> <span class='ocrx_word' id='word_1_387' title='bbox 1064 4440 1105 4480; x_wconf 83' lang='lat' dir='ltr'>zu</span> <span class='ocrx_word' id='word_1_388' title='bbox 1140 4413 1367 4482; x_wconf 79' lang='lat' dir='ltr'>verdeelren‚</span> 
     </span>
    </p>
   </div>
   <div class='ocr_carea' id='block_1_6' title="bbox 201 4501 1370 4652">
    <p class='ocr_par' dir='ltr' id='par_1_7' title="bbox 201 4501 1370 4652">
     <span class='ocr_line' id='line_1_41' title="bbox 201 4501 1370 4588; baseline -0.003 -25"><span class='ocrx_word' id='word_1_389' title='bbox 201 4504 323 4564; x_wconf 75' lang='lat' dir='ltr'>metet</span> <span class='ocrx_word' id='word_1_390' title='bbox 347 4501 454 4561; x_wconf 77' lang='lat' dir='ltr'>nieht</span> <span class='ocrx_word' id='word_1_391' title='bbox 480 4503 543 4567; x_wconf 84' lang='lat' dir='ltr'>dle</span> <span class='ocrx_word' id='word_1_392' title='bbox 570 4507 792 4570; x_wconf 80' lang='lat' dir='ltr'>erhanliede</span> <span class='ocrx_word' id='word_1_393' title='bbox 819 4507 938 4588; x_wconf 75' lang='lat' dir='ltr'>Krast</span> <span class='ocrx_word' id='word_1_394' title='bbox 966 4507 1033 4568; x_wconf 91' lang='lat' dir='ltr'>des</span> <span class='ocrx_word' id='word_1_395' title='bbox 1060 4503 1096 4565; x_wconf 84' lang='grc' dir='ltr'>Α.</span> <span class='ocrx_word' id='word_1_396' title='bbox 1126 4502 1175 4580; x_wconf 72' lang='lat' dir='ltr'>lt,</span> <span class='ocrx_word' id='word_1_397' title='bbox 1202 4501 1370 4561; x_wconf 82' lang='lat' dir='ltr'>sondern</span> 
     </span>
     <span class='ocr_line' id='line_1_42' title="bbox 206 4588 541 4652; baseline 0.009 -4"><span class='ocrx_word' id='word_1_398' title='bbox 206 4588 440 4650; x_wconf 80' lang='lat' dir='ltr'>vermtndert</span> <span class='ocrx_word' id='word_1_399' title='bbox 458 4590 541 4652; x_wconf 85' lang='lat' dir='ltr'>sie.“</span> 
     </span>
    </p>
   </div>
   <div class='ocr_carea' id='block_1_7' title="bbox 0 0 1581 5300">
    <p class='ocr_par' dir='ltr' id='par_1_8' title="bbox 0 0 1581 5300">
     <span class='ocr_line' id='line_1_43' title="bbox 0 0 1581 5300; baseline 0 0"><span class='ocrx_word' id='word_1_400' title='bbox 0 0 1581 5300; x_wconf 95' lang='lat' dir='ltr'> </span> 
     </span>
    </p>
   </div>
  </div>
 </body>
</html>
