3150 5300
823 513 849 587 8

251 717 382 800 proinde
404 719 490 800 qussi
510 718 673 801 prudentia
694 723 728 780 et
748 717 848 800 pietas
869 736 983 799 perse
1005 718 1170 795 sufficiant,
1191 725 1227 780 ut
1240 715 1351 796 aliquis
1373 736 1422 778 ar·

252 839 328 883 caua
349 823 497 885 coelestia
517 827 673 882 scrutetur
693 826 727 884 et
747 820 787 882 de
809 822 903 884 rebus
923 821 1037 883 futuris
1058 822 1207 901 comperti
1229 818 1345 899 aliquid
1367 818 1422 882 ha-

250 923 334 1000 beat,
357 944 415 986 nec
436 925 503 1003 ipse
517 922 606 983 Plato
628 923 667 985 de
682 916 851 984 animorum
866 924 1094 984 immortalitate
1109 923 1265 985 disserens
1286 920 1422 1002 (Phaed.

252 1024 288 1088 0.
309 1022 353 1088 35
367 1025 435 1105 fin.)
457 1023 539 1100 λόγον
559 1025 643 1085 θεῖόν
664 1051 726 1086 τινα
747 1027 982 1103 desideraverit,
1005 1033 1040 1087 ut
1060 1027 1238 1103 βεβαιότερον
1259 1025 1369 1099 ὄχημα,
1390 1024 1423 1086 ln

251 1145 313 1207 quo
334 1127 402 1205 quis
424 1128 544 1190 meliori
566 1128 767 1203 confidentia,
797 1149 885 1208 quam
908 1150 986 1208 quae
1008 1149 1046 1189 ex
1066 1128 1206 1189 humanis
1228 1132 1423 1207 argumenta·

250 1227 387 1290 tionibus
409 1230 556 1307 oriretur,
583 1232 754 1310 pervitam
775 1231 1066 1310 proficisciposset.
1096 1265 1137 1277 -
1165 1230 1223 1307 Qui
1250 1234 1355 1290 autem
1383 1248 1422 1291 ex

251 1348 363 1394 arcana
383 1332 513 1411 quadam
534 1331 696 1412 diciplina
710 1332 914 1396 lsra'e'litarum
929 1338 1035 1411 patres
1050 1333 1259 1392 sublimiorem
1273 1336 1420 1392 aeternae

250 1432 332 1494 vitae
361 1435 566 1515 cognitionem
592 1436 733 1497 hausisse
760 1436 962 1511 arbitrantur,
990 1435 1099 1514 quibus
1127 1433 1313 1514 argumentis
1340 1433 1418 1496 hauc

250 1536 436 1597 sententiam
462 1537 653 1600 defendenti
696 1538 791 1599 Certe
818 1539 851 1599 in
877 1539 945 1617 ipso
967 1536 1039 1599 Vet.
1062 1537 1264 1598 Testamenta
1291 1553 1413 1597 arcuum

251 1635 432 1718 disciplinae
454 1641 537 1701 nulla
558 1640 680 1701 omnino
702 1641 831 1721 vestigia
853 1647 1032 1716 occurruut3
1061 1659 1099 1701 ea
1119 1659 1207 1714 vero,
1236 1659 1295 1718 qua
1317 1643 1418 1719 poste-

250 1738 351 1801 riores
372 1740 479 1803 Judaei
500 1742 717 1822 gloriabantur,
738 1743 899 1805 recondita
920 1743 1070 1822 sapientia
1090 1761 1151 1803 non
1174 1761 1212 1803 ex
1232 1740 1421 1802 lsraiiliticae

251 1841 441 1920 antiquitatis
462 1842 599 1903 fontibus
621 1845 767 1920 manavit,
796 1845 853 1906 sed
874 1845 1013 1919 demum,
1040 1850 1201 1925 postquam
1228 1849 1261 1905 et
1281 1844 1421 1924 peregri-

251 1961 358 2004 uamm
380 1945 583 2007 Asiaticorum
605 1947 787 2027 religionum
810 1954 843 2008 et
864 1947 1003 2008 Graecae
1029 1948 1245 2028 philosophiae
1272 1946 1363 2007 rivuli
1389 1946 1423 2007 in

250 2045 436 2108 ludaeorum
457 2048 644 2128 theologiam
666 2050 867 2124 influxerunt,
895 2050 1040 2128 paulatim
1067 2049 1191 2128 prodiit.
1234 2048 1315 2109 Tum
1335 2068 1422 2126 vero,

250 2152 341 2212 utet
362 2151 568 2230 augustiorem
589 2151 731 2212 facerent
752 2152 921 2212 Mosaicam
942 2151 1144 2231 disciplinam,
1168 2172 1296 2231 eamque
1318 2170 1421 2214 semo-

252 2249 293 2310 tis
316 2251 472 2328 omnibus,
500 2273 578 2332 quae
599 2260 736 2314 mentem
758 2253 917 2313 offendere
940 2258 1081 2332 possent,
1110 2254 1242 2314 ethnicis
1265 2272 1422 2316 commen-

252 2351 362 2412 darent
384 2351 435 2432 l⁹),
458 2360 491 2415 et
513 2374 567 2415 sua
589 2355 730 2435 dogmata
752 2375 770 2414 a
792 2354 863 2417 vet.
887 2356 914 2416 Τ
916 2360 1087 2416 estamento
1109 2356 1315 2435 discrepantia
1336 2357 1421 2419 illius

251 2459 358 2515 sancta
379 2457 560 2518 auctoritate
582 2457 727 2520 fulcirent
745 2456 801 2534 ²⁰),
821 2463 980 2519 recentem
1002 2456 1170 2518 doctrinam
1192 2458 1236 2517 nil
1258 2476 1328 2519 esse
1348 2478 1422 2539 per-

251 2554 435 2634 hibuerunt,
469 2559 529 2623 nisi
556 2580 696 2620 arcanam
725 2560 906 2641 sapientiam
929 2561 994 2641 jam
1021 2559 1178 2623 veteribus
1207 2561 1360 2640 cognitam
1388 2568 1423 2625 et

252 2658 436 2738 allegoricae
462 2661 726 2741 interpretationis
755 2663 866 2726 auxilio
902 2682 940 2723 ex
967 2661 1038 2724 vet.
1066 2662 1262 2723 Testamenti
1294 2665 1421 2744 scriptis

251 2761 418 2825 cruendam
434 2761 488 2842 ²¹).
509 2800 552 2811 -
574 2764 637 2826 Sed
659 2771 824 2843 utcumque
846 2764 897 2828 illu
920 2764 1093 2825 existimata
1114 2771 1220 2841 emnt,
1249 2775 1335 2828 certe
1357 2768 1421 2831 hoc

337 2949 389 3028 19)
416 2955 474 3012 Hoc
496 2972 520 3011 e.
544 2972 568 3012 c.
591 2956 642 3012 sibi
664 2957 756 3014 volunt
781 2956 839 3027 illa,
870 2956 964 3028 quibus
984 2955 1059 3016 Philo
1087 2955 1300 3034 frequentissime
1325 2959 1417 3031 utitur,

250 3039 379 3095 vocabula
395 3056 430 3096 cx
445 3040 603 3098 Graecorum
619 3042 804 3112 mysteriorum
820 3041 958 3114 disciplina
971 3043 1117 3114 depromta.
1148 3043 1210 3099 Vult
1232 3045 1299 3098 euim
1323 3044 1416 3100 ethni-

251 3140 299 3181 cos
321 3124 482 3197 intelligere,
507 3126 585 3181 etiam
606 3127 723 3183 ludaeos
745 3144 819 3182 suam
840 3128 966 3182 habuisse
988 3144 1107 3182 arcanam
1130 3127 1305 3200 disciplinam,
1327 3126 1413 3181 Grae-

251 3225 342 3268 corum
364 3211 499 3280 mysteriis
521 3228 575 3268 nou
596 3212 814 3284 aequiparandam
836 3213 930 3282 solum,
953 3212 1002 3266 sed
1022 3212 1104 3284 longo
1126 3211 1324 3268 anteferendam.

336 3307 389 3385 20)
412 3313 453 3368 Gi.
475 3313 630 3384 Daehue,
653 3314 812 3385 geschichtl.
835 3315 922 3369 Darst.
945 3315 993 3370 der
1014 3314 1067 3383 jud.
1090 3316 1158 3370 alex.
1179 3310 1234 3367 llel.
1256 3310 1321 3383 phil.
1343 3311 1374 3369 T.
1389 3311 1413 3368 l.

249 3414 278 3470 p.
299 3391 343 3479 ‚84
359 3413 401 3468 sq.
424 3428 465 3438 —
493 3399 592 3454 Eadem
612 3399 683 3454 haud
705 3399 785 3454 dubie
807 3399 857 3454 luit
879 3416 972 3468 causa,
1002 3416 1048 3454 cur
1069 3406 1124 3456 tres
1144 3398 1302 3459 ludaeorum
1322 3403 1416 3452 sectae

249 3497 299 3554 pro
322 3481 510 3554 antiquissimis
532 3484 624 3539 haberi
645 3484 777 3539 voluerint
799 3485 867 3556 (los.
883 3485 945 3540 Aut.
967 3484 1061 3555 XVlll,
1087 3482 1114 3542 l.
1131 3481 1182 3557 Ζ),
1205 3500 1252 3541 cur
1270 3481 1345 3537 Philo
1360 3482 1418 3537 Es-

226 3574 373 3623 ¹saeorum
400 3568 548 3624 sodalitatis
575 3576 709 3626 auctorem
736 3569 822 3641 ipsum
843 3571 943 3626 llosem
964 3570 1104 3643 perhibeat
1130 3569 1239 3642 (iragm.
1263 3567 1330 3640 apol.
1351 3566 1417 3626 lud.

251 3668 294 3724 ap.
316 3651 415 3714 Euscb.
438 3669 530 3726 praep.
554 3670 596 3709 ev.
612 3653 682 3724 Vlll,
698 3649 746 3710 11.
771 3655 814 3710 ed.
838 3655 895 3710 Col.
918 3673 944 3727 p.
961 3648 1034 3709 379.
1052 3685 1089 3694 -
1105 3655 1170 3710 Phil.
1187 3670 1249 3727 opp.
1269 3653 1312 3709 ed.
1327 3652 1417 3726 llang.

250 3736 280 3792 T.
303 3737 336 3792 ll.
359 3755 386 3809 p.
410 3732 505 3811 632,).
548 3739 593 3794 Sic
615 3747 672 3800 orta
695 3747 738 3800 est
757 3739 801 3795 illa
824 3736 926 3812 opinio,
949 3739 1014 3793 duas
1036 3739 1068 3793 ab
1091 3738 1167 3794 initio
1190 3739 1274 3794 luisse
1296 3737 1419 3794 diversas

250 3820 341 3895 gentis
362 3821 524 3878 lsratliticac
545 3830 644 3895 partes,
667 3842 743 3896 quam
764 3825 896 3881 Eusebius
918 3824 947 3896 (l.
965 3841 988 3879 c.
1012 3824 1082 3894 Vlll,
1100 3820 1149 3878 lli.
1171 3841 1198 3894 p.
1215 3819 1288 3893 378)
1311 3822 1348 3879 ila
1364 3840 1419 3880 ex-

249 3905 339 3979 ponit:
367 3908 416 3974 „td
438 3912 496 3962 πᾶν
514 3907 642 3968 Ἰνδαίων
664 3909 749 3971 ἔθνος
771 3912 811 3971 εἰς
833 3906 884 3966 δύο
906 3908 1036 3980 τμήματα
1058 3908 1199 3978 διῄρηται·
1221 3907 1269 3960 καὶ
1290 3908 1343 3974 τὴν
1366 3908 1421 3979 μὲν

249 3990 365 4059 πληθὺν
391 3997 451 4053 ταῖς
472 3995 525 4046 τῶν
547 3990 640 4061 νόμων
661 3998 730 4049 κατὰ
751 3997 803 4065 τὴν
825 3997 912 4067 ῥητὴν
934 3994 1060 4049 διάνοιαν
1082 3992 1320 4060 παρηγγελμέναις
1348 3990 1421 4051 ὑπο,

249 4071 353 4144 θήκαις
374 4073 464 4146 ὑπῆγε
487 4085 538 4141 (sc.
561 4080 676 4153 Moses),
699 4078 728 4137 τὸ
752 4079 781 4134 δὲ
803 4080 901 4151 ἕτερον
923 4081 976 4132 τῶν
998 4077 1028 4132 ἐν
1050 4076 1107 4143 ἕξει
1128 4071 1218 4144 τάγμα
1240 4068 1342 4140 ταύτης
1366 4079 1421 4146 μὲν

249 4156 346 4230 ἠφίει,
374 4161 506 4236 θειοτέρᾳ
524 4163 553 4219 δὲ
575 4185 628 4220 τινι
654 4167 699 4220 nol
721 4167 767 4225 ets
793 4167 892 4225 moltis
919 4162 1145 4232 lnuvcdsdquvo‘qt
1171 4155 1314 4224 πρθςὲκέῑν
1343 4160 1420 4235 ἦξίθ,

249 4249 359 4318 θεωρίᾳ
378 4265 408 4301 τε
430 4252 482 4301 τῶν
504 4248 534 4304 ἐν
555 4256 614 4311 τοῖς
634 4249 729 4322 νόμοις
750 4248 820 4304 κατὰ
842 4247 967 4305 διάνοιαν
990 4242 1209 4313 σημαινομένων.
1237 4236 1293 4301 Ἢν
1309 4243 1337 4299 δὲ
1352 4251 1419 4306 esico

154 4368 161 4374 -
250 4329 410 4398 assotana
430 4331 556 4392 Ἰνδαίων
577 4335 669 4407 γένος,
697 4328 735 4390 ὧν
757 4332 809 4403 τὴν
831 4336 862 4392 ni
882 4335 927 4404 plia
949 4327 1064 4399 ἄσκησιν
1085 4329 1131 4383 aul
1153 4332 1206 4383 τῶν
1228 4327 1336 4398 ἔξωθεν
1358 4332 1420 4402 ige.

250 4411 393 4485 πλάγησαν
415 4422 540 4487 μνρίοι.“

336 4512 388 4586 tl)
411 4518 533 4577 Ceterum
546 4521 659 4592 Philo,
683 4518 861 4592 quodsum,
883 4534 1013 4590 uunquam
1027 4518 1167 4593 perspicue
1182 4517 1291 4587 iudicat,
1313 4535 1417 4576 recou-

248 4599 414 4664 ditanillam
434 4605 589 4680 sapientiam
610 4605 690 4661 inda
712 4622 727 4661 a
748 4605 839 4661 ltose
862 4603 1037 4679 quasiper
1057 4621 1175 4666 nauus
1197 4602 1359 4665 traditam
1383 4608 1420 4664 ad
