3150 5300
753 500 804 575 78

196 711 329 774 caveris:
352 709 457 786 „Desa
471 709 562 770 ducet
576 726 629 767 nos
649 707 688 766 io
709 712 821 768 merw‘
835 706 991 786 (propriso
1013 706 1108 784 ‚daim
1120 706 1252 777 Stachao,
1266 724 1371 767 wenna

197 835 261 875 zum
284 812 408 873 sterben
427 810 527 893 pelte
555 808 626 872 Vid.
648 808 968 890 Hengstenberg)
991 806 1060 881 ¹⁶⁰).
1105 810 1221 872 Similis
1242 814 1370 871 senten-

197 918 243 978 tia
264 933 410 996 expressa
431 919 480 973 est
501 910 552 972 1³¹·
567 907 620 986 68.
642 908 694 971 21·
717 923 860 990 musso
882 891 983 990 orob
1007 926 1106 990 *sins
1129 893 1253 992 nond·
1275 909 1347 992 ¹⁶¹)·

282 1019 316 1080 ln
337 1017 388 1077 Ps.
411 1011 464 1091 37,
487 1010 537 1076 18.
566 1010 737 1093 „Gopnooii
756 1012 872 1073 Jeoova
894 1013 960 1074 dics
976 1014 1149 1094 proborum,
1171 1021 1200 1075 ct
1215 1014 1370 1094 possessio

197 1140 298 1182 comam
319 1117 449 1179 monebit
470 1119 503 1177 io
524 1120 694 1176 aetcmom“
715 1116 853 1177 nonnulli
874 1121 1032 1177 aeternam
1054 1136 1089 1177 ac
1111 1117 1280 1178 coelestem
1294 1116 1369 1177 hae-

198 1221 363 1283 reditatem
386 1220 568 1300 promissam
589 1219 703 1280 volunt.
734 1218 797 1280 Sed
820 1238 858 1279 ex
879 1237 906 1280 v.
931 1216 982 1280 11.
1004 1220 1200 1300 perspicuum
1220 1220 1267 1296 iit,
1291 1239 1370 1299 quae

199 1326 234 1385 h.
257 1325 277 1383 l.
301 1323 530 1404 promittuntur,
553 1322 674 1382 omnino
697 1321 735 1381 ad
757 1322 918 1383 terrestria
940 1329 1092 1402 spectare.
1136 1321 1241 1385 Verbo
1266 1339 1295 1381 v.
1318 1316 1369 1383 18.

201 1446 240 1488 ex
261 1427 299 1486 iis
321 1424 500 1487 illustranda
521 1424 672 1499 videntur,
695 1444 772 1503 quae
789 1425 842 1506 jus
864 1423 1035 1487 Massicum
1057 1425 1097 1487 de
1118 1423 1370 1505 patrimonorium

200 1530 383 1591 aeternitate
405 1533 563 1589 statuerat.

284 1632 370 1693 Alios
384 1631 574 1692 Psalmorum
595 1629 691 1704 locos,
715 1647 791 1708 qnos
813 1628 939 1709 insuper
952 1629 1014 1714 huc
1034 1634 1202 1706 traremnt
1225 1630 1368 1693 omitten-

199 1734 255 1795 dos
279 1752 401 1796 censeo.

283 1835 316 1914 5)
347 1836 459 1895 Restat
479 1838 514 1894 ut
535 1833 720 1912 inquiramus
741 1821 775 1893 in
796 1853 849 1909 ea,
873 1854 950 1914 quae
972 1834 1004 1895 in
1026 1834 1112 1895 libris
1133 1833 1367 1898 Proverbioram

200 1944 234 2001 et
254 1938 325 1999 lobi
345 1938 448 1998 inesse
469 1936 620 2011 uidentur,
643 1936 711 2017 spei
732 1937 844 1998 beatae
864 1937 1102 1997 immortalitatis
1123 1937 1263 2018 vestigia.

284 2038 496 2101 Proverbia
518 2057 669 2119 persaepe
690 2039 783 2099 vitam
806 2044 839 2100 et
860 2045 991 2100 mortem
1014 2045 1271 2116 commemorant,
1299 2060 1368 2122 qua·

200 2163 269 2203 rum
290 2143 417 2203 alteram
439 2141 608 2221 sapientiae
630 2146 664 2203 et
684 2141 810 2221 pietatis
831 2141 981 2218 fructum,
1004 2143 1132 2203 alteram
1152 2143 1319 2204 stultorum
1340 2147 1369 2204 et

201 2245 365 2324 impiorum
387 2244 564 2305 mercedem
587 2264 657 2305 esse
680 2244 802 2305 docent.
847 2243 1003 2325 Sapientia
1030 2241 1061 2321 8,
1084 2240 1125 2306 35
1145 2263 1191 2324 sq.
1219 2244 1370 2307 inducitur

204 2348 247 2407 ita
267 2347 413 2425 loquens:
443 2347 516 2427 „ped
537 2366 583 2406 arro
604 2347 725 2425 reperit,
748 2346 1009 2425 reperiremus,
1032 2353 1062 2405 et
1081 2348 1223 2427 impetrat
1240 2350 1368 2428 pretioso

202 2470 222 2509 a
244 2447 375 2520 salwam-
398 2450 452 2529 qoi
473 2469 492 2507 a
513 2467 559 2507 me
580 2448 708 2521 oberrat,
731 2450 862 2508 unimam
882 2467 966 2508 suom
989 2446 1087 2522 violat,
1110 2450 1282 2529 quicunque
1302 2450 1367 2510 ode·

203 2555 275 2609 aaut
293 2569 347 2620 me,
370 2556 473 2609 omont
491 2555 671 2610 mortem.“
715 2550 764 2611 (if.
791 2546 840 2627 ll,
866 2545 913 2611 19.
936 2586 978 2597 -
1007 2550 1164 2630 Sapientia
1185 2549 1300 2613 dicitur
1321 2571 1362 2614 ar

206 2655 278 2713 hor
298 2653 400 2714 vitae
422 2647 453 2728 3,
477 2647 528 2727 18,
550 2652 713 2732 disciplina
733 2659 768 2715 et
789 2654 949 2735 castigatio
972 2656 1038 2736 ejus
1060 2655 1122 2714 via
1143 2654 1247 2717 vitae
1268 2649 1301 2732 6,
1321 2647 1367 2717 18.

207 2755 276 2815 coll.
299 2751 356 2830 10,
379 2752 446 2828 17.;
474 2754 658 2816 verecundia
679 2755 738 2816 Dei
765 2760 799 2816 et
819 2757 1023 2837 intelligentia
1045 2757 1187 2818 dicuntur
1211 2755 1301 2819 fons
1326 2757 1367 2819 ri·

206 2864 268 2917 tae
291 2853 415 2932 14,17.
441 2852 581 2932 16,11.,
604 2857 648 2917 ita
669 2858 809 2937 quidem,
836 2864 885 2935 ut,
909 2859 960 2939 qui
980 2860 1025 2919 illi
1047 2878 1082 2920 se
1103 2859 1304 2937 tradiderint,
1330 2876 1369 2921 ex

207 2964 330 3020 morte
358 2959 574 3039 eripiantur
601 2967 640 3022 et
667 2980 822 3042 semper
849 2963 1062 3024 incolumes
1089 2969 1297 3024 serventur
1326 2958 1370 3038 18,

206 3057 260 3123 14.
284 3058 335 3136 14,
357 3057 408 3120 17.
432 3057 535 3138 10,1.
559 3060 610 3138 11,
632 3059 663 3124 4.
687 3070 720 3126 et
734 3065 773 3125 al.
796 3100 837 3112 -
860 3063 986 3140 „Homo
1009 3066 1062 3146 qni
1082 3064 1203 3125 admoui
1222 3085 1243 3125 a
1264 3065 1371 3127 vicia·

207 3162 402 3244 tempestiue,
430 3165 463 3224 io
490 3171 576 3226 coeto
602 3167 733 3226 monium
759 3167 926 3228 residebit“
953 3164 1011 3244 11,
1035 3163 1084 3227 16.
1107 3163 1144 3242 1,
1167 3162 1217 3228 18.
1239 3165 1272 3244 5,
1294 3164 1372 3247 lisa.

205 3265 236 3342 7,
263 3263 367 3346 16111.
389 3261 420 3342 9,
444 3264 511 3344 18.;
538 3269 595 3329 sed
616 3269 817 3349 „sapienti
843 3270 901 3330 via
921 3270 1024 3330 vitae
1045 3270 1187 3330 munita
1209 3275 1274 3331 est
1302 3288 1373 3332 aare

206 3388 285 3431 sum
306 3369 483 3447 tendens,
506 3377 545 3432 ut
568 3373 690 3434 evitet
705 3371 843 3434 0rcam
865 3371 1069 3432 deorsum“
1086 3367 1202 3447 15,14.
1218 3406 1260 3421 -
1276 3372 1373 3452 Quid!

207 3469 258 3549 11,
280 3467 323 3534 18
345 3473 532 3551 declaratur,
560 3476 592 3535 in
613 3477 717 3537 samito
728 3475 870 3558 justitiae
895 3475 987 3535 citum
1010 3493 1072 3534 esse
1100 3480 1130 3534 et
1149 3474 1229 3534 oium
1249 3476 1375 3537 111111ιί81

206 3578 269 3658 ejm
290 3575 615 3639 immortalitatem
637 3578 722 3660 (Vid.
744 3578 853 3639 Euald
874 3577 913 3637 ad
935 3578 966 3638 h.
988 3577 1033 3655 1.).

291 3677 378 3741 llaec
401 3682 503 3742 omnia
531 3700 631 3743 nonne
658 3681 796 3743 indicare
823 3679 978 3752 uidentur,
1000 3678 1095 3760 justis
1123 3697 1158 3739 ac
1186 3678 1375 3759 sapientibus

206 3781 329 3842 beatam
350 3782 612 3846 immortalitatem
635 3783 819 3844 destinatam
834 3782 927 3843 esse‘l
948 3815 991 3827 -·
1013 3782 1054 3842 At
1067 3801 1149 3858 uero,
1172 3781 1198 3841 si
1212 3783 1301 3843 locos
1314 3782 1376 3845 lau·

208 3883 297 3946 datos
319 3888 489 3948 accuratius
512 3886 698 3965 inspexeris,
725 3885 806 3946 hanc
828 3885 1012 3945 sententiam
1040 3884 1202 3945 admodum
1228 3884 1378 3947 incertam

207 4005 279 4049 esse
301 3989 465 4070 intelliges.
509 3988 635 4050 Etenim
656 3988 730 4067 quid
751 3987 811 4049 sibi
832 3988 906 4048 velit
928 3983 1018 4064 illud,
1041 3987 1225 4067 sapientiam
1243 3988 1378 4050 arboreas

207 4127 406 4135 —--——.....
449 4128 484 4134 ...μ
496 4128 510 4134 ..ι

293 4206 366 4286 loo)
391 4213 449 4270 Nisi
470 4211 595 4269 malueris
618 4228 676 4268 cum
698 4213 768 4269 Lxx
789 4219 818 4270 et
837 4212 918 4286 Vnig.
941 4213 1033 4285 legere
1055 4185 1193 4310 niae}{7.

293 4346 372 4424 rol)
403 4349 497 4405 Stier
517 4349 536 4404 1.
560 4366 583 4404 o.
608 4350 637 4404 T.
660 4350 681 4406 l.
703 4367 730 4422 p.
754 4344 805 4406 81.
828 4351 854 4405 h.
878 4351 896 4406 l.
920 4349 1030 4405 sulutem
1050 4357 1199 4419 semmam,
1221 4366 1299 4421 quam
1321 4350 1381 4408 lio-

88 4499 94 4517 ·
210 4454 272 4492 vum
295 4438 490 4492 Testamentum
510 4434 650 4508 pmposuit
670 4431 765 4505 (‚‚dic
790 4429 899 4509 odllipe
919 4429 1069 4510 171Ιό111119
1094 4449 1151 4491 ooo
1179 4430 1235 4491 dar
1264 4428 1383 4493 Gewals

210 4518 264 4577 des
288 4515 386 4578 Todes
407 4517 448 4575 im
469 4515 777 4577 neuostamentlieoez
797 4515 951 4590 Sioae“)‚
978 4519 1134 4594 promissam
1155 4526 1244 4594 putat,
1265 4537 1381 4594 eosque,

207 4605 252 4677 qui
272 4606 354 4662 rerba
376 4604 453 4663 aliter
474 4604 688 4680 interpretantur,
710 4604 829 4680 graviter
849 4611 965 4663 accusat.
