3150 5300
764 515 815 588 28

203 740 282 782 cnm
304 720 545 801 corporibus,
573 718 776 798 exquibus
804 724 1025 793 eraserunt,
1055 720 1169 780 ullam
1199 719 1370 800 amplius

203 825 392 885 rationem
419 819 677 882 intercedere.
700 853 744 865 -
771 819 898 880 Certum
921 819 1043 899 quidem
1066 828 1131 895 est,
1161 823 1282 903 insigne
1312 823 1371 883 bac

203 926 234 988 in
257 947 291 987 re
314 925 478 986 discrimen
501 928 621 983 exstare
644 922 726 983 inter
747 920 818 984 Vet.
842 922 1034 985 Testamenti
1056 925 1240 986 sententiam
1262 924 1304 985 de
1326 945 1374 985 re·

102 1066 105 1073 ·
204 1029 263 1089 bus
285 1033 472 1088 mortuorum
500 1031 533 1085 et
554 1025 746 1105 disciplinam
768 1026 1003 1106 Aegyptiorum,
1031 1048 1119 1106 quam
1147 1028 1235 1088 multi
1261 1047 1374 1108 perpe·

205 1150 269 1190 ram
298 1130 343 1189 illi
372 1135 623 1207 comparaverunt
644 1127 699 1207 ⁶⁸).
749 1129 895 1209 Aegyptii
923 1130 1004 1189 enim
1033 1131 1172 1191 arbitrati
1200 1135 1286 1205 sunt,
1316 1129 1374 1191 nisi

204 1249 315 1310 corpus
336 1231 539 1291 condimentis
562 1236 714 1291 servatum
737 1231 787 1305 sit,
810 1232 939 1290 animam
963 1229 1001 1290 ad
1022 1234 1194 1310 requietem
1212 1234 1246 1292 in
1261 1233 1373 1292 Amen-

202 1333 258 1393 tbe
279 1334 466 1412 propositam
491 1333 594 1393 venire
616 1351 677 1392 non
698 1350 801 1411 posse,
824 1332 881 1392 sed
903 1333 940 1391 ab
963 1328 1036 1393 aliis
1053 1334 1231 1412 corporibus
1255 1334 1294 1394 ad
1317 1335 1374 1395 elia

201 1436 333 1495 transire
366 1437 434 1514 cogi
461 1433 516 1514 ⁶⁹).
565 1435 652 1495 llanc
679 1440 781 1496 autem
816 1434 990 1514 opinionem
1026 1456 1044 1495 a
1070 1435 1142 1498 Vct.
1171 1436 1374 1498 Testamento

200 1555 328 1615 prorsus
350 1537 528 1611 abhorrere,
552 1557 590 1596 cx
612 1557 649 1597 co
672 1543 809 1616 apparet,
832 1537 913 1616 quod
927 1538 1083 1598 lsraiilitae
1100 1544 1288 1600 mortuorum
1306 1559 1371 1600 cor-

202 1658 293 1719 pora,
316 1640 428 1719 quippe
452 1639 560 1718 quibus
583 1639 768 1699 destinatum
792 1646 876 1700 esset
902 1639 934 1700 in
955 1642 1112 1719 pulverem
1139 1640 1243 1701 redire
1273 1642 1372 1723 (Gen.

203 1736 235 1816 3,
252 1736 328 1817 l9.),
350 1761 411 1801 non
434 1741 556 1801 condita
578 1748 610 1801 et
632 1743 794 1802 celerrime
816 1740 939 1820 quidem
961 1742 1089 1802 humare
1112 1743 1262 1803 solebant.
1308 1744 1372 1807 Sed

203 1848 253 1919 ct,
282 1844 363 1921 quod
385 1843 497 1904 Graeci
526 1864 561 1905 ac
582 1844 712 1904 Romani
740 1844 969 1918 existimabant,
998 1845 1127 1904 animam
1154 1845 1213 1905 nisi
1241 1865 1373 1925 corpore

204 1946 265 2006 rite
287 1947 408 2024 sepulto
437 1952 469 2005 et
490 1953 592 2006 terrae
613 1946 735 2007 reddito
763 1945 793 2006 in
818 1945 898 2006 Orco
920 1965 981 2006 non
1003 1946 1100 2026 recipi
1117 1943 1167 2021 ⁶⁰),
1191 1946 1294 2010 aVet.
1312 1949 1373 2009 Te-

204 2054 356 2108 stamento
384 2055 434 2110 est
460 2049 601 2109 alienum.
643 2048 712 2107 Hoc
735 2049 817 2109 enim
840 2067 893 2108 eos
922 2058 1058 2127 quoque,
1088 2068 1215 2127 quornm
1243 2068 1374 2129 corpora

202 2150 359 2210 inhumata
380 2152 518 2231 projecta
540 2155 655 2226 essent,
678 2151 716 2211 ad
737 2150 854 2210 inferos
878 2150 1077 2211 descendisse
1100 2151 1192 2212 docet
1214 2151 1296 2232 (les.
1323 2150 1373 2230 lt,

204 2249 244 2313 15
260 2272 326 2332 sqq.
348 2253 466 2313 Erech.
489 2249 540 2328 32,
567 2251 605 2312 17
621 2252 719 2332 sqq).
763 2253 807 2312 Et
829 2273 1008 2332 quamquam
1036 2254 1247 2314 foedissimum
1276 2254 1373 2317 babe-

202 2354 302 2430 batnr‚
325 2356 352 2414 si
374 2356 441 2433 quis
464 2357 638 2434 sepulturae
660 2374 721 2416 non
744 2361 829 2416 esset
850 2356 1005 2434 particeps
1020 2355 1119 2416 factus
1140 2352 1192 2435 61),
1213 2356 1246 2416 id
1268 2362 1372 2421 tamen

202 2455 241 2517 ad
262 2457 359 2536 ipsius
383 2458 500 2520 animae
523 2458 730 2519 conditionem
752 2458 829 2518 nihil
852 2458 1009 2538 pertinere
1032 2458 1216 2519 credebatur
1235 2456 1286 2539 ⁶²)

288 2699 339 2776 58)
361 2703 420 2758 tam
441 2704 598 2774 Tacitus,
620 2704 666 2760 nbi
688 2704 722 2759 de
744 2704 825 2759 rebus
846 2703 1006 2760 iudaeorum
1029 2703 1138 2760 disserit
1162 2702 1236 2773 (bist.
1258 2705 1292 2776 V,
1316 2703 1371 2783 5.),

200 2803 365 2863 „eorporo,
387 2789 484 2860 inquit,
507 2785 636 2844 condme
658 2804 747 2864 quum
769 2803 902 2843 cremare
924 2803 940 2842 6
961 2803 1042 2842 more
1063 2782 1229 2866 demto,
1251 2787 1370 2847 eodem·

202 2889 259 2950 qne
280 2889 355 2928 curo
376 2871 465 2930 etde
486 2870 612 2950 infernis
629 2869 819 2947 persuasio.“
842 2903 882 2914 -
904 2872 978 2929 l’lura
1000 2873 1034 2928 de
1055 2875 1105 2929 bac
1126 2891 1156 2930 re
1177 2872 1245 2931 inira
1268 2877 1311 2948 (Ι),
1336 2872 1370 2945 2)

201 2958 400 3033 disputabimus.

178 3104 180 3108 ·
285 3073 336 3148 59)
365 3079 456 3135 Serv.
479 3078 512 3134 ad
532 3077 609 3150 Virg.
633 3080 701 3135 Aen.
723 3077 775 3147 ΙΙΙ,
801 3071 851 3133 67.
896 3070 1064 3153 „Aeppptii
1087 3074 1180 3152 periti
1199 3072 1369 3149 sapientiae

200 3159 322 3218 condito
344 3159 457 3219 diritius
477 3165 631 3219 reservant
649 3178 795 3237 corporo,
823 3157 939 3217 scilicet
957 3164 992 3217 ot
1011 3159 1132 3218 enimc
1151 3154 1261 3215 multo
1282 3161 1363 3212 tem-

195 3263 288 3322 pore
305 3245 488 3323 perduret
508 3251 542 3303 et
563 3245 719 3322 corpori
738 3244 792 3303 sit
811 3243 992 3310 obnoxio.
1021 3262 1089 3304 nec
1108 3242 1188 3301 cito
1215 3237 1265 3296 od
1284 3235 1365 3298 otia

200 3335 404 3389 transeat.“
431 3363 475 3374 -
501 3334 556 3388 llac
577 3332 707 3388 sententia
730 3331 865 3401 diversas,
893 3334 1144 3404 quartinonum,
1172 3326 1306 3382 lliodorus
1336 3336 1367 3385 et

199 3418 351 3474 Plutarchus
373 3419 552 3488 tradiderunt,
574 3417 768 3490 Aegyptiomm
792 3417 825 3472 de
847 3425 1009 3474 mortuorum
1031 3425 1104 3475 sorte
1125 3413 1264 3489 opiniones
1286 3412 1367 3469 facile

199 3502 269 3559 inter
290 3520 320 3558 se
344 3502 488 3573 conciliari,
511 3510 584 3557 recte
607 3502 772 3561 recentiores
795 3502 950 3559 docuerunt.

286 3617 338 3694 60)
367 3622 406 3677 ef.
430 3622 669 3693 Naegelsbach
698 3622 799 3677 homer.
823 3623 915 3678 Theol.
943 3641 970 3694 p.
994 3615 1067 3676 345.
1109 3613 1179 3685 „so
1200 3610 1290 3692 torpe
1311 3613 1369 3673 der

198 3699 274 3762 Leto
295 3702 380 3762 nieht
399 3701 562 3762 pernicitet
582 3704 627 3772 ist,
649 3701 725 3761 stelit
743 3722 776 3761 er
797 3704 850 3761 mit
870 3702 926 3762 der
947 3704 1023 3775 ψυχὴ
1046 3703 1078 3759 in
1100 3701 1194 3759 ciuem
1212 3697 1369 3778 pebeimen

198 3786 349 3866 Repperi.
380 3786 442 3846 Die
462 3785 547 3846 Seele
567 3786 621 3846 tat
639 3785 717 3846 oocb
739 3788 787 3846 ein
802 3785 936 3846 Element
955 3787 1010 3847 der
1023 3783 1225 3845 Leiblieblceit
1237 3802 1277 3842 66
1291 3783 1368 3845 siclt.

198 3872 251 3933 Sie
272 3874 312 3932 ist
330 3871 408 3931 norb
429 3871 513 3931 reicit
532 3870 653 3931 eineriei
672 3870 793 3932 Wesens
816 3874 870 3931 mit
889 3874 948 3932 den
962 3869 1067 3932 Scelere
1089 3870 1195 3929 bereitr
1208 3868 1368 3927 66666666-

198 3964 242 4017 ter
264 3955 374 4017 Leiber
392 3957 561 4036 pemerden,
584 3958 649 4018 aad
668 3958 747 4018 wird
768 3957 863 4016 daber
885 3976 942 4016 oon
964 3956 1067 4015 diesen
1089 3951 1169 4012 aucit
1190 3951 1274 4011 reiciet
1294 3953 1369 4013 tiber

198 4043 257 4103 dez
279 4042 367 4102 Floro
385 4040 551 4121 pelosrea.“
572 4077 615 4088 -
642 4048 812 4119 Hartung‚
834 4046 957 4118 Religion
980 4046 1028 4100 der
1048 4043 1145 4098 Romer
1166 4041 1195 4094 T.
1219 4041 1239 4093 Ι.
1262 4057 1288 4110 p.
1315 4037 1367 4098 49.

197 4126 279 4197 „Die
299 4126 383 4186 Erde
404 4126 591 4206 beberberpte
611 4126 730 4194 leiren,
761 4129 817 4188 der
837 4125 885 4185 ihr
906 4123 990 4184 nicht
1014 4119 1112 4182 dorcb
1130 4116 1288 4198 feierlicbe
1314 4119 1368 4182 Ce-

197 4213 348 4272 remonieo
369 4232 426 4271 oon
447 4210 655 4292 symboliscber
678 4212 773 4294 Krast
791 4209 956 4290 riberpeben
976 4215 1059 4267 wor“
1080 4216 1133 4264 etc.

283 4331 336 4405 ol)
357 4335 418 4390 Vid.
441 4336 572 4406 Winer‚
594 4336 659 4392 bibl.
681 4334 916 4393 Realwttrterbuob
938 4333 967 4386 Τ.
989 4332 1010 4386 Ι.
1033 4347 1060 4403 p.
1087 4322 1158 4384 173.

283 4450 335 4528 62)
357 4455 396 4509 Na
418 4472 448 4509 ea
464 4455 568 4526 quidem
583 4456 714 4512 sententia
728 4451 835 4528 probari
855 4455 955 4523 potest,
978 4466 1054 4521 quam
1067 4447 1182 4506 Ewald
1206 4445 1250 4520 (nd
1263 4447 1364 4506 Ezccb.

198 4534 249 4610 32,
272 4535 309 4596 21
327 4557 386 4613 sqq.
401 4570 444 4581 —
461 4541 556 4612 l’ropb.
580 4541 628 4596 des
650 4541 683 4595 Α.
699 4541 729 4596 B.
752 4540 781 4593 T.
805 4537 837 4593 ll.
860 4552 888 4608 p.
912 4529 984 4609 333)
1006 4535 1155 4611 proposuit,
1179 4548 1227 4588 eos
1249 4532 1364 4604 scilicet,

198 4642 306 4697 quorum
328 4642 439 4699 corpora
460 4625 551 4682 hostili
572 4625 600 4682 in
622 4632 691 4682 terra
713 4623 827 4700 turpiter
842 4622 950 4696 jaceant
968 4620 1108 4698 insepulta,
1130 4624 1274 4694 propterea
1288 4618 1362 4691 quod
