3150 5300
769 457 820 587 aa

202 717 265 778 bus
291 715 407 778 aeaulis
432 716 476 795 pii
503 723 675 777 sensemat.
719 717 783 778 Sed
810 717 987 780 debuere
1012 720 1045 780 in
1072 721 1166 783 tertia
1191 722 1284 804 hujus
1304 722 1378 786 libri

202 825 296 902 parte
319 818 488 879 accuratius
511 818 723 899 disseremus.)

292 917 328 1003 2)
349 920 393 981 Ut
413 926 516 981 autem
537 922 596 981 hae
617 921 649 982 in
670 922 733 982 vita
753 927 841 983 recto
863 922 955 983 iactis
978 923 1078 985 divina
1093 924 1230 1005 praemia
1244 931 1377 1002 exstant,

203 1025 250 1085 ita
277 1024 473 1103 supplicia
499 1025 646 1104 peccatis.
691 1024 901 1085 Terrestrium
927 1025 1079 1088 bonorum
1105 1028 1306 1108 privationem
1326 1028 1379 1090 lex

203 1126 347 1188 omnibus
368 1126 517 1204 improbis
538 1128 685 1203 minatur,
708 1146 743 1187 aa
766 1127 793 1187 si
816 1127 889 1206 quid
909 1128 1028 1208 gravius
1049 1128 1250 1209 deliquerint,
1272 1131 1378 1192 imma·

202 1234 277 1289 tura
302 1234 403 1288 morte
430 1228 550 1307 abrepti
577 1230 627 1290 vel
654 1230 756 1308 eapite
782 1229 881 1308 puniti
909 1248 1025 1308 poenas
1053 1231 1206 1293 saelorum
1229 1231 1377 1311 pendunt.

206 1330 341 1391 Maxime
363 1331 520 1391 horribilis
541 1332 621 1391 vitae
641 1332 711 1391 finis
732 1333 880 1406 babetur,
909 1330 962 1391 ubi
984 1333 1135 1408 homines,
1162 1340 1197 1394 ut
1218 1334 1381 1398 Romanus

210 1436 244 1492 et
263 1436 384 1492 caterva
406 1434 483 1513 ejus,
495 1433 596 1493 medio
619 1434 758 1494 eunitae
780 1434 858 1493 flore
879 1453 916 1493 ae
937 1434 1050 1495 robore
1072 1435 1111 1496 ad
1131 1435 1251 1508 inferos
1263 1437 1377 1516 impro-

204 1534 272 1594 viso
294 1534 486 1613 abripiuntur
516 1535 624 1615 (Num.
649 1536 684 1596 (l.
710 1531 758 1595 16.
781 1532 999 1610 annosos,
1023 1531 1093 1615 16).
1135 1538 1183 1598 Ea
1209 1557 1281 1598 vero
1309 1556 1377 1599 sora

203 1655 269 1698 non
289 1636 406 1704 ideireo
428 1638 601 1697 miserrima
622 1642 756 1715 putatur,
779 1638 860 1717 quod
882 1637 921 1699 ad
938 1638 1018 1697 mala
1040 1639 1120 1719 apud
1139 1639 1257 1700 lnfema
1272 1646 1379 1719 parata

204 1738 310 1814 duoat,
332 1739 389 1800 sed
410 1739 491 1819 quod
514 1741 645 1801 abducat
666 1760 683 1800 a
704 1740 794 1800 bonis
817 1741 1026 1803 terrestribus.
1062 1741 1141 1802 Nam
1163 1742 1237 1821 qaid
1257 1743 1377 1804 trintina

204 1842 336 1922 eogitari
364 1849 483 1922 potest,
496 1893 498 1897 .
511 1864 601 1923 quam
623 1844 651 1904 si
671 1843 710 1919 ii,
738 1843 791 1922 qui
817 1849 921 1904 terrae
947 1844 1037 1904 bonis
1066 1845 1199 1905 nondum
1225 1845 1376 1907 delectari

204 1944 381 2019 desierunt,
408 1929 502 2005 vitae
517 1946 603 2020 luae,
631 1965 691 2023 qua
716 1946 884 2021 laetantur,
911 1946 1013 2005 sabito
1039 1947 1150 2025 privati
1177 1948 1376 2009 intenebrat

205 2046 517 2107 0reidet1udm1tur.
540 2081 583 2091 —-
604 2046 670 2107 Nee
692 2052 811 2107 tautum
833 2048 970 2126 ipsorum
991 2048 1139 2109 malorum
1162 2049 1255 2109 exitio
1277 2049 1378 2110 divina

200 2148 327 2229 justitia
347 2150 578 2229 comprobatur,
607 2149 665 2210 sed
686 2169 727 2209 ne
747 2150 810 2209 ulla
831 2154 1029 2228 peecatorum
1057 2151 1222 2230 impunitas
1244 2151 1360 2212 datari-

207 2248 327 2325 deatur,
348 2256 534 2331 expetuntur
553 2271 672 2331 poenae
693 2272 711 2311 a
731 2250 840 2311 liberis
862 2257 896 2311 et
917 2253 1090 2332 nepotibus,
1113 2254 1165 2333 qui
1186 2259 1378 2335 patrumve·

206 2352 299 2432 stigia
320 2354 419 2413 secuti
441 2359 512 2413 sunt
534 2354 604 2431 (Ex.
626 2350 678 2428 20,
701 2352 731 2413 5.
755 2358 788 2414 et
810 2354 873 2431 ab).

292 2450 327 2538 3)
349 2455 402 2515 Sic
424 2456 532 2530 exiis,
555 2475 633 2534 quae
655 2461 727 2534 post
748 2460 881 2515 mortem
901 2461 1028 2516 ventura
1050 2462 1164 2531 esseut,
1186 2475 1287 2536 oeque
1301 2455 1377 2517 inei·

205 2562 376 2619 amentum
397 2558 620 2637 praesidiumve
641 2558 711 2637 piae
732 2557 814 2617 vitae
836 2558 1086 2638 comparandmu,
1114 2578 1215 2638 neque
1242 2556 1377 2620 formido

207 2660 296 2720 malis
316 2666 469 2721 terrorem
490 2661 641 2722 incutiens
662 2661 833 2739 repetenda
855 2667 930 2722 erat.
952 2662 1062 2723 -Ao
1084 2662 1112 2722 si
1132 2663 1269 2723 volumus
1284 2663 1377 2742 bajus

205 2763 254 2824 rei
275 2764 471 2824 considerare
492 2763 685 2843 principium,
707 2763 800 2824 faoile
822 2763 910 2823 nobis
932 2764 1195 2844 persuadebimus,
1217 2765 1250 2824 id
1271 2784 1310 2824 ex
1328 2782 1375 2824 sa-

204 2865 398 2945 pientissima
418 2866 470 2926 illa
492 2866 593 2926 divina
613 2872 802 2944 παιδαγωγίᾳ,
833 2886 922 2945 quam
943 2867 975 2926 in
996 2867 1066 2948 lege
1088 2867 1226 2928 Mosaica
1247 2866 1375 2927 admira„

204 2988 284 3044 mur,
306 2977 378 3030 esse
398 2968 582 3048 profectum
618 2969 743 3028 Etenim
766 2968 818 3047 qui
839 2968 908 3028 fieri
929 2975 1061 3047 poterat,
1084 2974 1119 3029 ut
1138 2969 1280 3033 homines
1302 2987 1374 3029 eou-

204 3077 345 3151 tumaees
372 3090 408 3131 ao
429 3071 602 3131 refractarii
619 3070 778 3153 'religione
809 3070 1089 3150 obstringerentar,
1116 3070 1179 3157 nisi
1198 3070 1257 3132 Ilei
1278 3071 1377 3131 saneti

206 3179 240 3235 et
255 3174 336 3255 justi
356 3167 474 3237 num'en¹
491 3178 583 3254 atque
604 3172 649 3232 via
672 3177 742 3232 ante
766 3172 870 3231 oeulos
892 3172 930 3232 iis
952 3177 1127 3233 versaretur
1146 3166 1198 3252 τι).
1228 3170 1297 3234 Hoc
1319 3173 1375 3254 igi-

205 3279 258 3337 tur
283 3275 378 3336 voluit
404 3275 545 3336 universa
572 3274 729 3335 Mosaieae
762 3273 893 3334 civitatis
927 3273 1088 3354 disciplina
1119 3294 1154 3335 ao
1181 3275 1375 3355 temperatio,

208 3380 244 3434 ut
269 3377 486 3453 praesentis
513 3377 572 3438 llei
598 3382 632 3438 et
659 3382 744 3437 metu
773 3381 806 3437 et
833 3394 937 3438 amore
965 3377 1057 3437 animi
1085 3377 1305 3457 implerentur,
1340 3382 1375 3438 ut

208 3484 454 3555 praesentem
480 3485 610 3540 sanetae·
630 3481 709 3559 legis
730 3479 864 3540 ultorem
886 3485 978 3558 atque
999 3479 1168 3555 vindicem,
1195 3497 1374 3559 praesen·

205 3586 281 3640 tem
302 3579 422 3659 piomm
442 3582 571 3643 tutelam
592 3586 826 3662 cognoscerent.

288 3679 324 3765 4)
346 3674 548 3747 Mosaismum
568 3684 749 3761 defendere,
772 3682 863 3764 quod,
886 3702 963 3763 quae
984 3682 1208 3763 inperfectam
1231 3686 1263 3743 et
1285 3681 1373 3742 abso·

204 3782 309 3843 lutam·
324 3784 506 3866 religionem
527 3787 653 3863 cadunt,
676 3788 715 3848 iis
737 3791 855 3862 eareat,
878 3785 1040 3846 admodum
1062 3803 1319 3865 supervacaneum
1341 3788 1374 3845 et

204 3886 314 3946 inutile
334 3887 465 3950 videtur.
509 3890 598 3966 Quod
619 3896 721 3951 autem
742 3890 841 3966 multi,
866 3890 918 3968 qui
938 3889 979 3949 de
1000 3893 1140 3951 veterum
1153 3885 1374 3967 Aegyptiorum
1428 3931 1434 3935 -

202 3988 358 4069 sapientia
378 3991 473 4050 multa
493 3991 598 4072 inepta
619 3993 861 4066 somniaverunt,
885 3991 1000 4071 opinati
1021 3995 1108 4075 sunt,
1128 3986 1297 4069 Aegyptios
1318 4005 1374 4049 sua

290 4174 343 4252 71)
365 4179 406 4235 ct.
430 4179 497 4236 cie.
520 4182 554 4238 de
567 4183 623 4254 leg.
644 4182 679 4253 ΙΙ,
702 4177 752 4239 10.
775 4177 889 4255 „de
910 4214 951 4224 -
973 4173 1145 4256 Deas‘a‘pse
1165 4175 1281 4238 vindex
1303 4194 1372 4236 oma-

203 4258 345 4336 atitnibir,
363 4265 530 4339 possmus
548 4281 666 4342 poenae
686 4269 765 4323 metu
785 4262 892 4342 relipio
914 4264 1083 4343 confimari
1096 4262 1245 4323 oidemr.“
1258 4295 1301 4308 -
1315 4265 1372 4320 lm-

202 4348 296 4423 primis
323 4351 493 4407 memorabile
520 4358 564 4407 est
589 4353 654 4408 illud
674 4353 867 4423 Plutarchi,
896 4350 1122 4428 (desomnem.
1145 4352 1217 4408 vind.
1246 4350 1275 4404 (i.
1301 4344 1369 4421 18),

199 4435 249 4493 abi
264 4435 395 4509 emonii,
416 4452 560 4509 poenarum
579 4445 644 4510 post
665 4446 775 4495 mortem
797 4445 964 4494 venturarum
985 4444 1056 4494 metu
1079 4445 1107 4494 et
1127 4435 1302 4512 praemiorum
1324 4433 1371 4489 iu-

200 4527 320 4579 morum
341 4536 391 4594 spe
409 4520 519 4578 omnino
541 4539 595 4578 uon
615 4523 643 4580 id
665 4523 747 4594 efflei,
770 4523 842 4597 qnod
856 4523 1045 4598 suppliciorum
1060 4524 1095 4580 de
1109 4522 1288 4598 improborum
1302 4536 1371 4594 pro-

154 4611 156 4616 '
203 4605 284 4679 genie
306 4612 451 4664 suanorum
472 4614 591 4680 aspectu.

1134 4667 1185 4762 <ga
