3150 5300
827 509 878 582 74

353 714 518 795 Pergamus
540 714 577 775 cd
600 716 676 776 duos
691 715 880 776 Psalmorum
895 715 990 789 locos,
1013 714 1123 794 quibus
1138 732 1211 794 spes
1225 709 1376 774 declercri
1392 709 1435 769 vi-

268 817 367 894 detur,
383 819 497 877 animas
512 818 631 896 piorum
645 837 663 877 c
677 818 742 877 Deo
758 823 910 878 servatum
924 817 973 891 iri,
996 836 1035 877 ne
1050 816 1089 876 ad
1102 815 1220 876 inferos
1235 812 1435 890 descendant,

268 915 650 994 Ps.49‚16.16‚10.ll.
679 917 819 998 Uterque
841 920 926 980 locus
947 918 991 978 its
1012 919 1159 998 explicari
1179 923 1292 997 potest,
1313 921 1348 977 ut
1368 920 1436 974 tcu-

267 1022 424 1083 tummodo
453 1021 492 1081 de
518 1022 706 1082 imminentis
733 1021 891 1103 cujusdam
922 1021 1052 1102 periculi
1080 1020 1270 1095 discrimine,
1308 1038 1347 1080 ex
1376 1036 1437 1097 quo

268 1132 352 1185 vates
375 1142 409 1184 se
431 1131 583 1185 serratum
604 1124 642 1183 iri
663 1130 779 1203 speret,
802 1144 895 1205 cgere
916 1123 1064 1184 rideatur.
1093 1123 1157 1184 Sed
1172 1122 1199 1184 ai
1212 1128 1308 1184 totam
1323 1120 1437 1182 utrius·

269 1247 329 1307 que
356 1226 416 1287 loci
443 1226 593 1287 rationem
621 1226 786 1306 diligenter
814 1226 1001 1305 inspexeris,
1032 1227 1116 1287 illam
1148 1224 1439 1305 interpretationem

268 1349 375 1410 pamm
397 1335 555 1409 acceptam
577 1330 716 1391 babebis.
737 1362 781 1377 -
801 1329 837 1390 lu
857 1329 980 1390 Psalmo
1001 1325 1044 1390 49
1065 1329 1184 1404 eadem,
1207 1347 1296 1408 quam
1318 1326 1371 1386 Ps.
1385 1320 1439 1388 37.

268 1429 311 1492 73
332 1438 366 1493 et
387 1432 438 1492 ulii
460 1437 603 1508 tractant,
626 1433 787 1513 exponitur
809 1433 979 1507 sententio,
1002 1432 1069 1512 pios
1091 1431 1226 1506 scilicet,
1248 1430 1301 1492 ubi
1322 1430 1438 1510 impro-

268 1536 377 1596 borum
404 1533 587 1596 felicitatem
614 1540 647 1595 et
668 1535 845 1615 superbiam
872 1534 1104 1614 conspexerint,
1133 1534 1214 1594 bono
1236 1532 1337 1593 animo
1366 1549 1439 1594 esse

269 1636 396 1699 debere.
426 1638 505 1698 lstos
520 1638 612 1712 enim,
636 1638 825 1715 quantumvis
847 1636 887 1700 de
903 1637 1010 1718 opibus
1026 1638 1089 1698 suia
1102 1636 1282 1717 glorientur,
1303 1654 1323 1695 a
1336 1640 1440 1696 morte

269 1740 384 1800 animas
407 1758 467 1799 non
489 1758 559 1800 esre
580 1737 790 1813 redemturos,
812 1739 906 1799 immo
928 1757 999 1798 mox
1019 1738 1058 1798 sd
1079 1737 1197 1800 interos
1218 1738 1378 1800 detrusum
1398 1737 1440 1798 iri

268 1841 420 1921 pecudum
441 1840 538 1900 instar
554 1840 799 1920 jugulandamm.
833 1841 901 1902 Jcm
921 1860 1005 1915 vero,
1027 1842 1129 1921 pergit
1149 1846 1244 1916 vates,
1267 1860 1360 1920 quum
1381 1839 1439 1900 im-

267 1943 358 2023 probi
381 1940 462 2002 0rco
485 1941 588 2004 devoti
608 1944 680 2019 sint,
702 1949 782 2004 certe
802 1941 888 2004 Deio
909 1944 1039 2004 animam
1061 1963 1155 2003 nomm
1175 1943 1303 2004 redimet
1320 1962 1363 2004 etc
1381 1962 1440 2022 po-

268 2049 370 2105 testate
393 2042 477 2114 Orct
500 2065 589 2125 quum
610 2065 656 2106 mc
674 2044 893 2126 praemunio
912 2043 981 2123 1412).
1024 2045 1115 2108 Licet
1136 2064 1217 2107 saue
1231 2046 1314 2107 hunc
1334 2046 1441 2108 locum

268 2148 314 2207 ito
336 2147 506 2225 explicare,
528 2154 563 2208 ut
583 2148 737 2209 Mourer
758 2148 850 2209 fecit:
886 2148 978 2218 ,dum
999 2149 1236 2229 exstinguentem,
1257 2148 1311 2229 qui
1330 2146 1442 2228 opidm

267 2249 330 2309 sets
353 2249 506 2327 confidunt
526 2252 627 2329 impii,
654 2269 713 2327 me,
741 2270 832 2331 poam
852 2252 885 2310 io
907 2251 986 2310 vitae
1003 2249 1173 2329 periculum
1194 2256 1317 2311 oocctm
1334 2252 1439 2330 fitero,

268 2348 355 2410 Deus
376 2369 411 2409 eo
432 2347 597 2412 liberabit.“
641 2350 851 2414 Veruntamen
872 2351 899 2412 si
921 2351 1086 2431 diligenter
1112 2352 1356 2414 consideraveris
1377 2353 1440 2434 pri-

267 2473 368 2528 mum,
396 2456 490 2516 rerba
517 2475 544 2515 r.
569 2451 619 2515 16.
649 2456 791 2535 opposita
813 2473 884 2517 esse
905 2455 1079 2516 sententiae
1105 2475 1133 2517 v.
1155 2452 1203 2531 8.,
1231 2456 1285 2516 ubi
1313 2456 1441 2518 nonde

269 2555 394 2635 singulis
417 2558 596 2635 quibusdam
617 2558 697 2618 ritae
720 2557 877 2637 periculis,
899 2577 938 2618 ex
961 2558 1070 2636 quibus
1092 2558 1185 2618 homo
1207 2557 1369 2618 homiuem
1390 2578 1440 2619 rc·

267 2658 386 2720 dimere
416 2666 563 2739 nequeat,
598 2661 654 2721 sed
681 2662 831 2722 omnino
866 2660 912 2723 de
939 2667 1061 2725 morte
1092 2662 1192 2742 agitur
1214 2657 1292 2739 148),
1324 2661 1442 2723 deiude

267 2779 294 2820 v.
320 2759 368 2822 15.
390 2758 442 2822 20.
466 2763 581 2822 Orcum
603 2781 663 2821 non
687 2763 818 2823 obscure
840 2764 897 2821 κατ’
921 2763 1020 2837 ἐξοχὴν
1048 2764 1306 2843 improborum
1334 2764 1441 2827 habi·

267 2863 455 2925 tationem
477 2864 548 2938 dici,
571 2865 646 2925 satis
669 2865 830 2944 probabile
851 2865 1002 2941 redditur,
1024 2873 1125 2927 votem
1145 2867 1206 2926 hoc
1227 2867 1297 2927 loco
1312 2886 1441 2947 cugura-

265 2971 331 3027 tum
347 2985 427 3042 esse,
444 2968 600 3048 justorum
614 2967 728 3028 animas
743 2968 797 3028 illa
810 2968 988 3030 tristissima
1001 2974 1098 3045 sorte,
1120 2988 1200 3047 quoe
1221 2969 1332 3048 impios
1356 2969 1440 3050 apud

266 3169 353 3231 aber
380 3172 475 3231 mirol
501 3191 538 3232 es
565 3171 685 3232 durcb
715 3169 845 3232 Gottec
877 3168 1008 3234 Gnade
1035 3170 1141 3232 uiolet
1166 3172 1368 3234 tornmeo.“
1396 3208 1438 3221 -

266 3260 312 3316 Sic
333 3267 421 3317 cutem
442 3277 539 3316 nervus
561 3261 709 3317 sententiae
731 3261 886 3327 succiditur.

353 3374 426 3447 lot)
449 3378 493 3434 Sc.
517 3378 610 3434 Orcus.
655 3379 700 3435 Sic
721 3381 838 3436 Ewald
865 3386 893 3436 et
913 3381 1054 3436 Mourer.
1077 3411 1119 3423 -
1147 3381 1436 3455 Hengstenberg:

266 3458 377 3530 „Deme
398 3479 430 3518 er
451 3462 546 3537 (Deus)
568 3460 671 3519 oiiumt
690 3460 787 3521 micb“
809 3481 848 3522 sc.
872 3482 908 3521 ex
928 3472 1062 3540 potestate
1084 3465 1163 3538 0rci;
1191 3473 1245 3523 tum
1266 3483 1334 3525 vero
1356 3466 1438 3524 rerba

267 3549 429 3606 otlosissimc
452 3548 549 3605 forent.
570 3579 607 3590 -
634 3549 728 3606 blelius
749 3550 876 3608 lldster
897 3550 976 3625 (coll.
1000 3546 1056 3622 41,
1081 3546 1130 3607 13.
1153 3547 1211 3622 73,
1233 3546 1304 3625 at.)
1332 3548 1437 3619 „dem

267 3649 301 3689 er
318 3635 399 3708 sassi
418 3629 497 3688 micb
519 3638 588 3689 oo.“
609 3666 651 3676 -
673 3635 741 3691 Alii:
764 3650 835 3691 nam
848 3633 993 3711 suscipiet
1004 3651 1050 3690 me
1063 3630 1148 3691 Deus
1163 3633 1194 3691 lo
1209 3631 1328 3693 tutelam
1342 3652 1436 3695 mcccc

267 3718 323 3777 Sed
343 3719 421 3776 valde
443 3719 550 3774 dubium
572 3727 623 3789 est,
646 3737 706 3776 uum
727 3721 790 3778 uoci
813 3702 889 3796 1775
913 3722 980 3777 haec
1001 3720 1042 3776 vis
1064 3720 1144 3777 tribui
1165 3722 1261 3795 possit.

354 3833 428 3906 143)
451 3838 550 3894 Eadem
571 3839 697 3894 Kbster
718 3839 751 3894 cd
772 3841 843 3894 bunc
863 3839 952 3896 locum
973 3839 1122 3896 annotavit:
1145 3835 1232 3906 „Der
1245 3834 1387 3899 lbommc
1400 3838 1439 3898 ict

265 3919 363 3980 dicaci
387 3916 490 3978 Gottcs
511 3917 617 3979 Mccbt
637 3920 704 3980 dem
726 3918 920 4000 ollpemeioen
941 3917 1023 3980 Loos
1044 3920 1099 3981 der
1113 3919 1325 3983 Sterblicbleeit
1344 3928 1382 3997 (r.
1395 3923 1436 4003 8.)

265 4010 457 4063 entoommen.
508 4003 572 4064 Von
595 4006 676 4064 einer
698 4004 775 4066 bicos
796 4009 984 4085 temporliren
1004 4004 1173 4086 Erboltuop
1192 4007 1274 4068 kann
1294 4007 1363 4069 bier
1383 4009 1437 4069 der

268 4086 463 4168 Gepensctzec
484 4109 583 4168 wepeo
605 4089 688 4150 oiclzt
709 4092 760 4151 dic
780 4091 869 4152 liade
890 4101 991 4172 seyn.“
1014 4126 1052 4137 -
1075 4096 1168 4152 Parum
1188 4104 1263 4153 recte
1285 4098 1437 4155 Tholuclr

265 4177 388 4248 (Uebers.
404 4196 430 4233 u.
446 4178 605 4253 Auslcgung
625 4181 674 4236 der
687 4181 730 4236 Ps.
756 4175 860 4255 1843.)
882 4182 964 4236 verba
987 4181 1167 4253 explicavisse
1188 4182 1307 4238 videtur:
1336 4176 1438 4251 „Ader

263 4260 359 4319 meine
380 4257 465 4318 Seeie
484 4261 564 4321 mirri
587 4259 661 4321 Gott
679 4259 835 4341 loslracfeo
858 4281 924 4321 aas
945 4262 1001 4321 der
1028 4259 1201 4337 Unterweit,
1219 4265 1275 4344 ja,
1304 4282 1338 4323 er
1358 4263 1439 4324 acted

263 4344 343 4405 micb
371 4343 547 4414 concinnere,
574 4351 601 4405 h.
625 4367 650 4406 e,
678 4347 773 4405 metue
793 4344 878 4408 Seeie
903 4346 983 4407 wind
1009 4347 1041 4405 io
1063 4347 1118 4406 der
1144 4345 1302 4408 Unterweit
1327 4347 1439 4409 cicbt

264 4429 422 4501 bleibem·
450 4429 577 4490 obwiirtc
601 4430 673 4510 peti
696 4450 788 4490 unser
814 4429 887 4490 aller
914 4429 1006 4511 Wep,
1036 4431 1107 4492 aber
1136 4431 1183 4492 bei
1206 4431 1332 4493 etiiclren
1354 4433 1436 4495 eceb

262 4516 374 4577 wieder
396 4519 569 4595 oufmdrts.“
605 4520 695 4588 Quid?
715 4537 804 4577 nonne
824 4521 878 4577 boc
899 4520 989 4593 potius
1010 4520 1123 4579 affirmat
1143 4529 1228 4593 vates,
1252 4539 1282 4581 sc
1304 4523 1340 4581 cd
1360 4523 1436 4582 iule-

242 4616 295 4654 ros
316 4604 505 4663 0mn1'uonon
528 4622 591 4664 esse
614 4607 817 4665 descensurum.
