3150 5300
820 517 871 592 66

262 728 321 802 cit,
341 726 487 788 Jebooam
508 744 570 786 noa
592 722 720 805 arrqaliaa
740 725 836 785 ainai
856 723 917 783 siat
936 722 969 781 io
990 727 1071 782 terra
1090 722 1249 782 oiomtimu
1274 718 1357 801 (des.
1380 713 1437 792 38,

264 829 336 907 ll.)
355 826 440 904 ¹³²),
467 829 541 889 binc
568 828 715 907 frequens
743 826 795 887 illa
823 824 1023 905 impendente
1050 830 1150 885 morte
1178 830 1210 885 et
1236 823 1349 884 flebilis
1376 821 1439 882 Dei

236 973 239 978 ·
265 933 456 1013 imploratio,
481 949 559 1009 quae
581 931 705 992 omnino
721 928 895 1010 justissima
914 926 1049 1002 videtur,
1071 927 1152 1005 qnod
1171 927 1239 1007 ipse
1260 926 1360 1000 Deus,
1382 924 1439 1003 qui

265 1036 380 1116 gaudet
401 1054 436 1095 se
459 1034 518 1095 coli
541 1034 579 1093 ab
601 1033 794 1107 bominibus,
823 1051 862 1094 ex
882 1031 999 1092 umbris
1020 1030 1051 1090 in
1073 1030 1155 1091 0reo
1175 1029 1369 1090 versantibus
1389 1027 1438 1087 ni-

262 1140 308 1199 bil
334 1137 412 1197 lueri
433 1136 593 1197 habiturus
615 1142 673 1197 est
702 1134 896 1206 ‚dior-mima
918 1131 1066 1212 inquiunt,
1085 1129 1351 1212 facieama'raealu,
1373 1150 1439 1190 am-

267 1239 378 1300 braeoe
398 1244 521 1319 retractet
546 1244 574 1297 te
595 1235 818 1297 celebrataque?
860 1234 942 1295 Num
963 1234 1151 1295 enarrabitur
1176 1236 1209 1294 io
1228 1231 1368 1314 sepulcra
1389 1232 1438 1294 be-

265 1342 398 1421 uiyoitas
419 1346 480 1411 baa,
497 1340 635 1421 fidesque
655 1345 708 1399 tua
729 1340 763 1397 in
780 1338 919 1417 patricie
939 1338 974 1416 (i.
996 1356 1024 1398 e.
1046 1338 1116 1399 loeo
1136 1337 1322 1417 perniciei)‘l
1354 1333 1438 1396 Nam

264 1449 460 1522 coyaoecetnr
487 1444 520 1502 ia
547 1441 674 1504 tertebrie
702 1439 879 1501 miraculum
907 1446 988 1501 baum
1021 1446 1051 1500 et
1066 1441 1190 1523 justitia
1218 1445 1270 1500 trau
1296 1438 1329 1498 ia
1355 1443 1436 1498 terra

263 1542 467 1605 ιιὸὶιιιιίιιιὴὲ(ι
489 1543 541 1605 Ρι.
556 1540 610 1619 88,
627 1539 763 1605 11-13.
784 1576 828 1589 -
851 1540 958 1615 „Quid
976 1540 1055 1603 beeri
1076 1543 1134 1603 erit
1152 1543 1185 1602 in
1198 1541 1347 1621 sanquine
1364 1559 1434 1610 roeo,

265 1666 355 1728 φιιιιιι
382 1646 566 1708 descendere
595 1648 628 1705 in
654 1643 845 1725 repulerant?
887 1642 969 1705 Num
986 1643 1090 1725 prebuit
1116 1650 1145 1705 ta
1166 1642 1341 1720 celebrabit,
1368 1662 1434 1704 aaut

263 1748 458 1828 praedicabit
473 1748 566 1827 fidem
587 1748 716 1808 traam?“
758 1746 811 1808 Ps.
832 1742 886 1821 30,
911 1746 960 1809 ill.
983 1748 1054 1808 coll.
1075 1742 1106 1823 6,
1128 1742 1159 1808 6.
1182 1744 1254 1821 116,
1278 1743 1330 1807 17.

349 1851 467 1927 Quibus
496 1849 732 1930 cogitationibus
766 1869 821 1910 cur
847 1855 911 1909 tam
938 1848 1052 1911 acerbe
1084 1850 1206 1930 piorum
1230 1847 1432 1910 lsrailitarum

265 1952 358 2012 animi
380 1958 638 2027 commoveantur,
661 1953 754 2014 etiam
770 1952 881 2014 clarius
894 1952 961 2028 fiet,
984 1972 1077 2031 quum
1094 1952 1289 2013 ethnicorum
1310 1950 1351 2011 de
1367 1968 1431 2012 oon·

267 2054 385 2116 ditione
414 2055 546 2116 humana
571 2056 756 2118 sententiam
785 2076 855 2116 cum
882 2053 954 2116 Vet.
977 2056 1180 2116 Testamenta
1206 2052 1431 2115 contulerimus

268 2157 437 2237 Deplorant
459 2163 492 2218 et
514 2158 632 2219 ethnici
652 2158 804 2218 hnmanae
825 2157 906 2218 vitae
926 2157 1111 2218 brevitatem
1132 2163 1166 2219 et
1185 2156 1364 2232 vanitatem,
1385 2156 1432 2216 do

260 2254 338 2319 'lent
358 2261 561 2321 vehementer
581 2259 816 2333 necessitatem,
838 2260 888 2320 cui
910 2261 1055 2334 mortales
1077 2259 1210 2341 subjecti
1231 2260 1318 2335 siut,¹
1332 2258 1434 2320 dolent

267 2379 306 2422 ea
332 2362 563 2437 vehementius,
590 2360 748 2440 quoniam,
782 2360 903 2423 etiamsi
929 2381 1143 2441 nonnunquam
1168 2363 1319 2423 humanae
1346 2359 1434 2423 sortis

265 2463 492 2525 vicissitudines
515 2484 554 2525 ex
575 2463 699 2524 numine
720 2484 824 2524 rerum
846 2464 1041 2526 terrestrium
1063 2464 1190 2544 provido
1212 2464 1352 2544 pendere
1375 2468 1433 2524 eta·

266 2570 369 2639 tuant,
391 2571 495 2628 tamen
517 2567 598 2627 vitae
619 2567 770 2628 hnmanae
792 2566 991 2649 fragilitatem
1012 2574 1046 2628 et
1067 2586 1260 2629 communem
1281 2566 1435 2628 homiuum

265 2668 421 2729 miseriam
443 2688 482 2729 ex
503 2670 602 2730 sancti
619 2669 758 2750 justique
781 2671 840 2732 Dei
861 2672 1017 2734 voluntate
1038 2677 1183 2752 repetere
1204 2671 1350 2732 nesciunt
1370 2666 1435 2749 ¹⁸³).

269 2767 486 2844 Nihilominus,
510 2770 591 2848 quod
613 2773 706 2832 homo
727 2773 777 2833 vei
798 2771 979 2833 immutabili
994 2779 1119 2834 naturae
1133 2772 1205 2853 legi,
1227 2773 1277 2834 rel
1297 2773 1437 2835 fortunae

267 2889 371 2931 rerum
393 2871 601 2948 dominatrici,
624 2875 711 2955 cujus
733 2875 885 2936 rationem
906 2876 1090 2957 investigare
1110 2882 1253 2955 nequeat,
1275 2876 1439 2937 obnoxium

269 2991 305 3035 se
327 2973 436 3049 sentit,
460 2973 492 3034 id
513 2975 629 3056 ipsum,
652 2997 692 3039 ne
714 2977 831 3052 dicam,
854 2978 1070 3040 consolationis
1092 2979 1206 3058 aliquid
1228 2977 1358 3054 afferre,
1384 2977 1440 3041 sed
1476 3000 1483 3023 ··

268 3081 372 3136 tomen
392 3076 534 3157 mitigare
556 3078 696 3140 dolorem
718 3085 752 3141 et
773 3081 903 3142 efficere
924 3087 1039 3162 potest,
1060 3088 1096 3142 ut
1117 3082 1233 3142 animus
1256 3086 1366 3142 contra
1385 3081 1441 3143 mi·

269 3177 367 3237 serias
389 3184 423 3239 et
444 3185 576 3242 mortem
598 3181 784 3243 obdurescat
806 3180 876 3262 ¹⁸⁴).
905 3219 944 3231 ·-
971 3183 1079 3264 Longe
1100 3202 1190 3245 secus
1213 3202 1323 3245 seres
1346 3184 1443 3245 habet

267 3280 300 3341 in
323 3279 393 3341 Vet.
416 3279 626 3344 Testamenta.
671 3284 759 3361 Quod
781 3284 861 3366 apud
883 3286 1024 3348 ethnicos
1046 3287 1193 3366 sapientis
1215 3304 1286 3347 esse
1307 3285 1443 3362 videtur,

273 3381 452 3444 necessitati
474 3383 587 3445 cedere
609 3392 643 3446 et
664 3387 773 3448 mortis
795 3387 972 3450 inevitabile
985 3388 1082 3450 iatum
1098 3389 1311 3469 aequoanimo
1326 3388 1443 3465 subire,

355 3603 428 3683 132)
450 3607 606 3668 Umbreit
626 3613 660 3669 ad
681 3613 699 3669 l.
724 3631 748 3669 c.
785 3609 929 3681 „sterben
949 3568 1014 3671 war
1034 3610 1102 3671 dem
1124 3609 1227 3691 Konta
1248 3644 1289 3657 —
1311 3630 1371 3673 ooo
1390 3608 1443 3673 Je-

269 3688 348 3750 bova
374 3689 531 3763 acbeideu,
559 3690 643 3752 leben
665 3695 760 3754 —iu
787 3694 851 3755 Ibm
878 3694 1000 3756 bleiben.
1027 3731 1070 3743 -
1102 3695 1257 3756 bromme
1281 3694 1365 3757 basaa
1392 3697 1445 3758 die

272 3773 386 3836 lbaaer
406 3795 456 3834 am
478 3777 538 3836 dea
566 3777 758 3840 Verlast‘des
779 3778 895 3842 Lebeos
915 3780 1001 3841 aicbt
1019 3801 1099 3862 coya,
1120 3779 1166 3840 ala
1186 3800 1271 3841 wana
1292 3782 1350 3843 der
1361 3781 1444 3843 Ster-

273 3860 368 3922 bende
389 3857 487 3940 bbaqt:
509 3882 542 3921 er
562 3864 662 3926 werde
682 3864 805 3946 bioffiro
824 3862 897 3928 Gau
915 3865 1000 3928 oicbt
1019 3866 1101 3927 mebr
1121 3863 1253 3927 sebasten
1274 3868 1316 3926 im
1331 3866 1444 3930 Laude

271 3947 326 4008 der
347 3945 569 4027 Lebeade'yeo.“

359 4064 431 4143 133)
454 4070 527 4141 vid,
543 4089 610 4143 quae
626 4072 660 4128 de
674 4074 808 4131 homerica
823 4075 955 4149 religione
968 4075 1204 4148 Naegelsbach
1218 4076 1236 4130 l.
1252 4091 1275 4131 e.
1287 4094 1315 4149 p.
1330 4070 1442 4150 308sq.

276 4155 388 4227 egregie
411 4155 544 4228 exposuit.
588 4158 628 4214 Cl.
651 4166 789 4231 praeterea
811 4161 970 4232 Lasaulx,
999 4163 1033 4218 de
1055 4161 1148 4218 mortis
1170 4159 1304 4218 dominatu
1333 4162 1361 4219 in
1382 4162 1444 4219 Ve-

273 4247 346 4298 teres
371 4235 462 4297 1835.
484 4259 512 4314 p.
536 4236 630 4316 7sqq.
655 4251 682 4300 ct
703 4246 838 4317 ejusdem:
861 4246 905 4302 die
927 4247 1087 4320 Liuosklage
1111 4241 1202 4302 isat.

358 4354 432 4430 134)
454 4359 524 4417 Cic.
547 4363 626 4419 tusc.
638 4363 675 4435 ll,
699 4359 749 4421 25.
772 4363 952 4440 „neomutus
970 4361 1118 4442 serendae
1137 4360 1319 4421 conditionis
1339 4360 1443 4424 banse

233 4450 241 4460 ·
273 4459 331 4500 aaa
359 4442 447 4524 quasi
476 4461 542 4502 cum
564 4442 633 4504 Deo
654 4465 797 4525 manare
825 4438 954 4521 cohibet,
981 4446 1178 4527 admonetque
1199 4464 1261 4506 esse
1284 4445 1443 4517 bunum,

275 4545 356 4605 queue
384 4528 527 4606 equitatio
553 4548 734 4610 mayraopere
759 4530 871 4593 laetam
896 4530 1008 4594 leoot.“
1035 4565 1078 4584 μ-
1106 4535 1147 4594 cl.
1175 4535 1332 4610 praesertim
1359 4537 1442 4594 Prae

257 4608 373 4672 consol.
395 4613 447 4674 ad
460 4611 564 4696 Apud.
587 4619 616 4678 6.
641 4615 683 4680 28
698 4637 759 4698 sqq.
1391 4626 1393 4631 ’
